1417412036,300.000000000000,0.010000000000
1417412423,300.000000000000,0.010000000000
1417415048,370.000000000000,0.010000000000
1417416612,370.000000000000,0.026555540000
1417498166,377.000000000000,0.010000000000
1417517949,377.750000000000,0.250000000000
1417517949,378.000000000000,3.750000000000
1417518257,378.000000000000,4.900000000000
1417518340,378.000000000000,5.200000000000
1417545780,378.000000000000,0.100000000000
1417546703,378.000000000000,0.793600000000
1417550521,378.000000000000,0.010000000000
1417584956,377.900000000000,0.010000000000
1417585904,378.000000000000,0.066084200000
1417586889,378.000000000000,0.010524220000
1417631579,378.000000000000,0.350000000000
1417637186,377.010000000000,0.100000000000
1417647358,378.000000000000,0.010000000000
1417657685,377.100000000000,0.010000000000
1417830085,378.000000000000,0.015000000000
1418077586,375.010000000000,0.010000000000
1418077586,375.000000000000,0.225000000000
1418179364,398.000000000000,0.010000000000
1418179389,360.500000000000,0.010000000000
1418355001,379.000000000000,0.050000000000
1418355193,364.990000000000,0.010000000000
1418355875,360.500000000000,0.990000000000
1418355878,360.000000000000,0.100000000000
1418355965,350.000000000000,2.000000000000
1418936217,345.000000000000,1.000000000000
1418936217,340.000000000000,1.000000000000
1420680242,360.000000000000,0.010000000000
1420680441,271.840000000000,0.010000000000
1420680463,276.340000000000,0.010000000000
1420680488,295.190000000000,0.010000000000
1420680497,319.840000000000,0.010000000000
1420680511,271.600000000000,0.010000000000
1420680582,344.670000000000,0.010000000000
1420680614,346.410000000000,0.010000000000
1420680640,305.380000000000,0.010000000000
1420680667,345.110000000000,0.010000000000
1420680693,274.680000000000,0.010000000000
1420680708,270.350000000000,0.010000000000
1420680722,333.680000000000,0.010000000000
1420680763,334.970000000000,0.010000000000
1420680773,345.440000000000,0.010000000000
1420680808,280.160000000000,0.010000000000
1420680821,295.380000000000,0.010000000000
1420680844,333.290000000000,0.010000000000
1420680884,270.560000000000,0.010000000000
1420680895,321.980000000000,0.010000000000
1420680927,302.250000000000,0.010000000000
1420680948,349.670000000000,0.010000000000
1420680983,302.120000000000,0.010000000000
1420681009,287.340000000000,0.010000000000
1420681049,330.170000000000,0.010000000000
1420681066,281.360000000000,0.010000000000
1420681087,336.380000000000,0.010000000000
1420681115,347.370000000000,0.010000000000
1420681153,326.100000000000,0.010000000000
1420681176,324.840000000000,0.010000000000
1420681189,341.350000000000,0.010000000000
1420681201,348.770000000000,0.010000000000
1420681244,344.670000000000,0.010000000000
1420681253,340.620000000000,0.010000000000
1420681294,333.730000000000,0.010000000000
1420681328,329.840000000000,0.010000000000
1420681359,313.420000000000,0.010000000000
1420681372,333.280000000000,0.010000000000
1420681390,273.200000000000,0.010000000000
1420681422,316.190000000000,0.010000000000
1420681462,323.270000000000,0.010000000000
1420681484,351.380000000000,0.010000000000
1420681507,307.380000000000,0.010000000000
1420681514,284.780000000000,0.010000000000
1420681534,305.930000000000,0.010000000000
1420681548,328.700000000000,0.010000000000
1420681562,314.650000000000,0.010000000000
1420681579,279.370000000000,0.010000000000
1420681594,337.900000000000,0.010000000000
1420681639,328.240000000000,0.010000000000
1420681671,318.310000000000,0.010000000000
1420681678,327.610000000000,0.010000000000
1420681719,307.250000000000,0.010000000000
1420681728,317.980000000000,0.010000000000
1420681748,359.390000000000,0.010000000000
1420681771,301.990000000000,0.010000000000
1420681802,303.530000000000,0.010000000000
1420681811,290.180000000000,0.010000000000
1420681856,333.280000000000,0.010000000000
1420681874,278.490000000000,0.010000000000
1420681897,329.030000000000,0.010000000000
1420681921,333.450000000000,0.010000000000
1420681963,318.880000000000,0.010000000000
1420681996,328.390000000000,0.010000000000
1420682014,326.470000000000,0.010000000000
1420682045,272.630000000000,0.010000000000
1420682060,331.940000000000,0.010000000000
1420682105,297.550000000000,0.010000000000
1420682127,301.490000000000,0.010000000000
1420682147,312.070000000000,0.010000000000
1420682189,332.370000000000,0.010000000000
1420682195,285.690000000000,0.010000000000
1420682239,299.340000000000,0.010000000000
1420682271,317.960000000000,0.010000000000
1420682298,337.790000000000,0.010000000000
1420682336,290.910000000000,0.010000000000
1420682354,343.030000000000,0.010000000000
1420682363,336.840000000000,0.010000000000
1420682398,283.250000000000,0.010000000000
1420682411,334.270000000000,0.010000000000
1420682451,336.870000000000,0.010000000000
1420682487,293.040000000000,0.010000000000
1420682493,334.520000000000,0.010000000000
1420682513,326.430000000000,0.010000000000
1420682519,293.590000000000,0.010000000000
1420682560,279.550000000000,0.010000000000
1420682602,344.940000000000,0.010000000000
1420682608,324.920000000000,0.010000000000
1420682654,344.530000000000,0.010000000000
1420682684,333.680000000000,0.010000000000
1420682723,298.820000000000,0.010000000000
1420682731,278.480000000000,0.010000000000
1420682753,301.600000000000,0.010000000000
1420682796,311.660000000000,0.010000000000
1420682824,308.480000000000,0.010000000000
1420682845,269.570000000000,0.010000000000
1420682882,294.660000000000,0.010000000000
1420682922,285.680000000000,0.010000000000
1420682961,298.100000000000,0.010000000000
1420682995,344.940000000000,0.010000000000
1420683036,336.230000000000,0.010000000000
1420683056,315.830000000000,0.010000000000
1420683073,324.280000000000,0.010000000000
1420683085,277.830000000000,0.010000000000
1420683106,298.770000000000,0.010000000000
1420683125,318.010000000000,0.010000000000
1420683140,344.920000000000,0.010000000000
1420683172,323.580000000000,0.010000000000
1420683188,299.640000000000,0.010000000000
1420683211,329.580000000000,0.010000000000
1420683222,310.010000000000,0.010000000000
1420683235,322.570000000000,0.010000000000
1420683247,317.910000000000,0.010000000000
1420683273,289.690000000000,0.010000000000
1420683279,323.780000000000,0.010000000000
1420683294,333.110000000000,0.010000000000
1420683323,298.130000000000,0.010000000000
1420683334,304.570000000000,0.010000000000
1420683368,270.930000000000,0.010000000000
1420683378,298.090000000000,0.010000000000
1420683395,306.600000000000,0.010000000000
1420683404,280.810000000000,0.010000000000
1420683410,279.950000000000,0.010000000000
1420683420,275.190000000000,0.010000000000
1420683451,317.430000000000,0.010000000000
1420683482,339.220000000000,0.010000000000
1420683514,290.390000000000,0.010000000000
1420683549,335.290000000000,0.010000000000
1420683573,280.410000000000,0.010000000000
1420683587,304.590000000000,0.010000000000
1420683631,316.990000000000,0.010000000000
1420683654,300.510000000000,0.010000000000
1420683675,292.220000000000,0.010000000000
1420683711,331.570000000000,0.010000000000
1420683735,322.870000000000,0.010000000000
1420683756,333.050000000000,0.010000000000
1420683800,345.280000000000,0.010000000000
1420683826,310.410000000000,0.010000000000
1420683838,326.370000000000,0.010000000000
1420683855,284.050000000000,0.010000000000
1420683888,329.880000000000,0.010000000000
1420683924,288.770000000000,0.010000000000
1420683959,273.010000000000,0.010000000000
1420683999,331.620000000000,0.010000000000
1420684025,301.810000000000,0.010000000000
1420684031,300.240000000000,0.010000000000
1420684060,285.210000000000,0.010000000000
1420684083,277.890000000000,0.010000000000
1420684114,346.020000000000,0.010000000000
1420684138,306.390000000000,0.010000000000
1420684170,282.130000000000,0.010000000000
1420684210,346.710000000000,0.010000000000
1420684221,316.850000000000,0.010000000000
1420684253,283.530000000000,0.010000000000
1420684272,285.620000000000,0.010000000000
1420684288,291.030000000000,0.010000000000
1420684296,333.070000000000,0.010000000000
1420684332,314.240000000000,0.010000000000
1420684340,322.660000000000,0.010000000000
1420684359,304.910000000000,0.010000000000
1420684396,309.110000000000,0.010000000000
1420684418,273.700000000000,0.010000000000
1420684428,325.870000000000,0.010000000000
1420684467,331.670000000000,0.010000000000
1420684498,324.710000000000,0.010000000000
1420684526,323.190000000000,0.010000000000
1420684566,341.490000000000,0.010000000000
1420684581,269.060000000000,0.010000000000
1420684620,321.540000000000,0.010000000000
1420684641,273.290000000000,0.010000000000
1420684652,315.090000000000,0.010000000000
1420684692,280.250000000000,0.010000000000
1420684712,284.570000000000,0.010000000000
1420684729,279.080000000000,0.010000000000
1420684757,325.590000000000,0.010000000000
1420684763,316.440000000000,0.010000000000
1420684800,296.350000000000,0.010000000000
1420684812,317.230000000000,0.010000000000
1420684847,272.870000000000,0.010000000000
1420684878,326.340000000000,0.010000000000
1420684916,348.430000000000,0.010000000000
1420684947,291.960000000000,0.010000000000
1420684972,305.780000000000,0.010000000000
1420684980,346.200000000000,0.010000000000
1420684992,306.420000000000,0.010000000000
1420684997,308.630000000000,0.010000000000
1420685023,330.980000000000,0.010000000000
1420685060,320.940000000000,0.010000000000
1420685087,301.010000000000,0.010000000000
1420685115,328.210000000000,0.010000000000
1420685152,294.470000000000,0.010000000000
1420685174,297.480000000000,0.010000000000
1420685195,311.560000000000,0.010000000000
1420685217,275.670000000000,0.010000000000
1420685223,273.700000000000,0.010000000000
1420685247,302.610000000000,0.010000000000
1420685270,344.060000000000,0.010000000000
1420685278,323.760000000000,0.010000000000
1420685306,342.130000000000,0.010000000000
1420685322,322.250000000000,0.010000000000
1420685335,271.280000000000,0.010000000000
1420685351,271.240000000000,0.010000000000
1420685360,291.830000000000,0.010000000000
1420685385,316.300000000000,0.010000000000
1420685430,326.600000000000,0.010000000000
1420685473,296.440000000000,0.010000000000
1420685484,326.900000000000,0.010000000000
1420685510,292.000000000000,0.010000000000
1420685554,297.310000000000,0.010000000000
1420685581,284.810000000000,0.010000000000
1420685622,299.030000000000,0.010000000000
1420685628,303.810000000000,0.010000000000
1420685667,340.580000000000,0.010000000000
1420685680,328.240000000000,0.010000000000
1420685696,344.760000000000,0.010000000000
1420685703,320.000000000000,0.010000000000
1420685720,281.570000000000,0.010000000000
1420685751,314.940000000000,0.010000000000
1420685756,306.930000000000,0.010000000000
1420685780,326.940000000000,0.010000000000
1420685808,300.510000000000,0.010000000000
1420685848,285.740000000000,0.010000000000
1420685892,298.450000000000,0.010000000000
1420685936,273.550000000000,0.010000000000
1420685974,271.840000000000,0.010000000000
1420686011,284.110000000000,0.010000000000
1420686047,274.730000000000,0.010000000000
1420686071,281.690000000000,0.010000000000
1420686087,283.630000000000,0.010000000000
1420686129,298.430000000000,0.010000000000
1420686154,271.170000000000,0.010000000000
1420686200,298.520000000000,0.010000000000
1420686220,271.040000000000,0.010000000000
1420686242,300.000000000000,0.050000000000
1420686242,310.000000000000,0.050000000000
1420686242,320.000000000000,0.010000000000
1420686265,268.260000000000,0.010000000000
1420686290,305.350000000000,0.010000000000
1420686296,297.190000000000,0.010000000000
1420686341,284.960000000000,0.010000000000
1420686362,285.870000000000,0.010000000000
1420686368,268.790000000000,0.010000000000
1420686402,294.980000000000,0.010000000000
1420686417,274.270000000000,0.010000000000
1420686460,310.910000000000,0.010000000000
1420686473,303.010000000000,0.010000000000
1420686480,305.520000000000,0.010000000000
1420686523,298.180000000000,0.010000000000
1420686553,297.650000000000,0.010000000000
1420686577,303.030000000000,0.010000000000
1420686612,287.790000000000,0.010000000000
1420686648,308.600000000000,0.010000000000
1420686656,307.030000000000,0.010000000000
1420686666,293.750000000000,0.010000000000
1420686705,286.130000000000,0.010000000000
1420686723,294.380000000000,0.010000000000
1420686744,311.960000000000,0.010000000000
1420686771,298.300000000000,0.010000000000
1420686803,309.040000000000,0.010000000000
1420686835,305.110000000000,0.010000000000
1420686844,284.430000000000,0.010000000000
1420686883,285.720000000000,0.010000000000
1420686926,298.430000000000,0.010000000000
1420686966,307.720000000000,0.010000000000
1420686982,314.740000000000,0.010000000000
1420687008,309.050000000000,0.010000000000
1420687031,293.730000000000,0.010000000000
1420687071,289.380000000000,0.010000000000
1420687110,298.810000000000,0.010000000000
1420687145,306.230000000000,0.010000000000
1420687168,284.980000000000,0.010000000000
1420687198,311.310000000000,0.010000000000
1420687237,295.110000000000,0.010000000000
1420687258,307.890000000000,0.010000000000
1420687292,305.770000000000,0.010000000000
1420687316,301.080000000000,0.010000000000
1420687351,285.310000000000,0.010000000000
1420687367,298.720000000000,0.010000000000
1420687398,305.620000000000,0.010000000000
1420687410,289.170000000000,0.010000000000
1420687451,310.480000000000,0.010000000000
1420687497,296.360000000000,0.010000000000
1420687521,286.570000000000,0.010000000000
1420687564,286.150000000000,0.010000000000
1420687602,286.560000000000,0.010000000000
1420687627,311.610000000000,0.010000000000
1420687651,298.430000000000,0.010000000000
1420687668,306.330000000000,0.010000000000
1420687695,311.820000000000,0.010000000000
1420687727,290.650000000000,0.010000000000
1420687765,312.730000000000,0.010000000000
1420687781,289.650000000000,0.010000000000
1420687810,313.170000000000,0.010000000000
1420687816,310.170000000000,0.010000000000
1420687838,289.410000000000,0.010000000000
1420687846,287.190000000000,0.010000000000
1420687858,298.600000000000,0.010000000000
1420687873,311.540000000000,0.010000000000
1420687892,297.660000000000,0.010000000000
1420687911,288.190000000000,0.010000000000
1420687943,310.860000000000,0.010000000000
1420687966,308.700000000000,0.010000000000
1420687983,299.670000000000,0.010000000000
1420688024,287.750000000000,0.010000000000
1420688059,309.830000000000,0.010000000000
1420688093,312.180000000000,0.010000000000
1420688108,284.610000000000,0.010000000000
1420688149,304.440000000000,0.010000000000
1420688168,292.730000000000,0.010000000000
1420688208,289.280000000000,0.010000000000
1420688226,286.480000000000,0.010000000000
1420688269,309.030000000000,0.010000000000
1420688292,291.270000000000,0.010000000000
1420688298,291.900000000000,0.010000000000
1420688334,308.980000000000,0.010000000000
1420688379,283.920000000000,0.010000000000
1420688420,294.030000000000,0.010000000000
1420688451,294.200000000000,0.010000000000
1420688495,286.830000000000,0.010000000000
1420688519,286.810000000000,0.010000000000
1420688558,300.190000000000,0.010000000000
1420688582,308.060000000000,0.010000000000
1420688608,297.530000000000,0.010000000000
1420688626,286.620000000000,0.010000000000
1420688632,309.630000000000,0.010000000000
1420688664,307.630000000000,0.010000000000
1420688691,300.090000000000,0.010000000000
1420688711,289.650000000000,0.010000000000
1420688734,286.360000000000,0.010000000000
1420688771,290.780000000000,0.010000000000
1420688787,293.670000000000,0.010000000000
1420688828,314.320000000000,0.010000000000
1420688854,285.780000000000,0.010000000000
1420688889,283.890000000000,0.010000000000
1420688923,305.800000000000,0.010000000000
1420688961,295.430000000000,0.010000000000
1420688981,305.490000000000,0.010000000000
1420689015,283.990000000000,0.010000000000
1420689033,306.890000000000,0.010000000000
1420689057,310.810000000000,0.010000000000
1420689096,284.860000000000,0.010000000000
1420689126,289.280000000000,0.010000000000
1420689167,290.700000000000,0.010000000000
1420689206,311.260000000000,0.010000000000
1420689222,305.250000000000,0.010000000000
1420689240,312.820000000000,0.010000000000
1420689278,303.320000000000,0.010000000000
1420689294,296.740000000000,0.010000000000
1420689312,295.910000000000,0.010000000000
1420689339,303.460000000000,0.010000000000
1420689365,301.600000000000,0.010000000000
1420689388,295.760000000000,0.010000000000
1420689425,289.480000000000,0.010000000000
1420689439,290.280000000000,0.010000000000
1420689445,289.700000000000,0.010000000000
1420689471,293.580000000000,0.010000000000
1420689511,311.260000000000,0.010000000000
1420689527,300.180000000000,0.010000000000
1420689536,311.190000000000,0.010000000000
1420689542,285.630000000000,0.010000000000
1420689554,287.750000000000,0.010000000000
1420689563,294.010000000000,0.010000000000
1420689589,285.880000000000,0.010000000000
1420689603,288.060000000000,0.010000000000
1420689634,309.580000000000,0.010000000000
1420689652,284.420000000000,0.010000000000
1420689696,293.190000000000,0.010000000000
1420689740,304.460000000000,0.010000000000
1420689783,290.140000000000,0.010000000000
1420689820,314.850000000000,0.010000000000
1420689846,307.940000000000,0.010000000000
1420689864,309.050000000000,0.010000000000
1420689903,309.890000000000,0.010000000000
1420689930,307.680000000000,0.010000000000
1420689953,307.540000000000,0.010000000000
1420689994,294.860000000000,0.010000000000
1420690029,283.530000000000,0.010000000000
1420690043,305.610000000000,0.010000000000
1420690087,290.810000000000,0.010000000000
1420690124,299.040000000000,0.010000000000
1420690149,283.700000000000,0.010000000000
1420690185,285.320000000000,0.010000000000
1420690217,290.160000000000,0.010000000000
1420690236,288.550000000000,0.010000000000
1420690274,291.290000000000,0.010000000000
1420690318,284.250000000000,0.010000000000
1420690328,294.170000000000,0.010000000000
1420690354,272.780000000000,0.010000000000
1420690393,264.810000000000,0.010000000000
1420690408,270.710000000000,0.010000000000
1420690421,288.690000000000,0.010000000000
1420690464,289.220000000000,0.010000000000
1420690484,299.310000000000,0.010000000000
1420690526,291.480000000000,0.010000000000
1420690561,283.060000000000,0.010000000000
1420690604,293.970000000000,0.010000000000
1420690646,290.780000000000,0.010000000000
1420690677,294.000000000000,0.010000000000
1420690695,296.740000000000,0.010000000000
1420690726,299.430000000000,0.010000000000
1420690741,290.430000000000,0.010000000000
1420690781,282.640000000000,0.010000000000
1420690823,287.920000000000,0.010000000000
1420690842,290.520000000000,0.010000000000
1420690875,286.340000000000,0.010000000000
1420690882,289.540000000000,0.010000000000
1420690912,296.610000000000,0.010000000000
1420690944,296.130000000000,0.010000000000
1420690974,288.990000000000,0.010000000000
1420691006,283.520000000000,0.010000000000
1420691036,297.800000000000,0.010000000000
1420691073,299.070000000000,0.010000000000
1420691080,291.080000000000,0.010000000000
1420691123,288.200000000000,0.010000000000
1420691152,287.520000000000,0.010000000000
1420691175,297.200000000000,0.010000000000
1420691187,293.540000000000,0.010000000000
1420691200,291.450000000000,0.010000000000
1420691237,299.910000000000,0.010000000000
1420691242,295.140000000000,0.010000000000
1420691258,297.320000000000,0.010000000000
1420691293,289.200000000000,0.010000000000
1420691323,299.730000000000,0.010000000000
1420691361,295.060000000000,0.010000000000
1420691373,292.520000000000,0.010000000000
1420691394,283.240000000000,0.010000000000
1420691401,295.450000000000,0.010000000000
1420691432,296.750000000000,0.010000000000
1420691442,292.880000000000,0.010000000000
1420691477,287.460000000000,0.010000000000
1420691510,298.720000000000,0.010000000000
1420691529,284.150000000000,0.010000000000
1420691554,293.390000000000,0.010000000000
1420691584,287.670000000000,0.010000000000
1420691604,287.540000000000,0.010000000000
1420691634,283.670000000000,0.010000000000
1420691652,291.820000000000,0.010000000000
1420691690,297.280000000000,0.010000000000
1420691735,299.380000000000,0.010000000000
1420691763,288.410000000000,0.010000000000
1420691807,283.170000000000,0.010000000000
1420691831,293.540000000000,0.010000000000
1420691860,293.630000000000,0.010000000000
1420691879,285.930000000000,0.010000000000
1420691895,292.700000000000,0.010000000000
1420691937,282.470000000000,0.010000000000
1420691947,298.620000000000,0.010000000000
1420691972,295.990000000000,0.010000000000
1420692016,299.380000000000,0.010000000000
1420692028,295.010000000000,0.010000000000
1420692037,290.610000000000,0.010000000000
1420692069,298.000000000000,0.010000000000
1420692102,299.160000000000,0.010000000000
1420692117,291.660000000000,0.010000000000
1420692155,288.320000000000,0.010000000000
1420692192,291.040000000000,0.010000000000
1420692233,297.680000000000,0.010000000000
1420692252,290.080000000000,0.010000000000
1420692283,298.490000000000,0.010000000000
1420692317,288.310000000000,0.010000000000
1420692342,299.390000000000,0.010000000000
1420692372,294.020000000000,0.010000000000
1420692400,295.170000000000,0.010000000000
1420692413,299.610000000000,0.010000000000
1420692447,293.410000000000,0.010000000000
1420692456,288.650000000000,0.010000000000
1420692478,289.430000000000,0.010000000000
1420692495,293.080000000000,0.010000000000
1420692509,284.270000000000,0.010000000000
1420692525,295.590000000000,0.010000000000
1420692569,296.080000000000,0.010000000000
1420692604,272.660000000000,0.010000000000
1420692641,309.360000000000,0.010000000000
1420692675,281.560000000000,0.010000000000
1420692714,269.000000000000,0.010000000000
1420692748,305.220000000000,0.010000000000
1420692781,276.660000000000,0.010000000000
1420692805,297.200000000000,0.010000000000
1420692839,300.740000000000,0.010000000000
1420692858,267.960000000000,0.010000000000
1420692894,288.630000000000,0.010000000000
1420692938,294.870000000000,0.010000000000
1420692960,272.740000000000,0.010000000000
1420692970,314.530000000000,0.010000000000
1420693008,305.890000000000,0.010000000000
1420693015,265.680000000000,0.010000000000
1420693049,278.400000000000,0.010000000000
1420693094,272.200000000000,0.010000000000
1420693135,298.140000000000,0.010000000000
1420693161,307.570000000000,0.010000000000
1420693205,314.960000000000,0.010000000000
1420693233,268.980000000000,0.010000000000
1420693242,279.400000000000,0.010000000000
1420693265,314.040000000000,0.010000000000
1420693279,277.220000000000,0.010000000000
1420693309,278.060000000000,0.010000000000
1420693347,276.120000000000,0.010000000000
1420693360,292.810000000000,0.010000000000
1420693386,309.190000000000,0.010000000000
1420693410,282.870000000000,0.010000000000
1420693446,284.430000000000,0.010000000000
1420693482,294.510000000000,0.010000000000
1420693523,285.150000000000,0.010000000000
1420693533,300.910000000000,0.010000000000
1420693546,272.970000000000,0.010000000000
1420693586,284.390000000000,0.010000000000
1420693600,311.800000000000,0.010000000000
1420693643,267.340000000000,0.010000000000
1420693684,290.950000000000,0.010000000000
1420693714,274.900000000000,0.010000000000
1420693739,314.090000000000,0.010000000000
1420693757,291.480000000000,0.010000000000
1420693790,305.750000000000,0.010000000000
1420693831,285.330000000000,0.010000000000
1420693854,295.150000000000,0.010000000000
1420693891,278.280000000000,0.010000000000
1420693899,274.280000000000,0.010000000000
1420693919,268.930000000000,0.010000000000
1420693953,312.130000000000,0.010000000000
1420693984,270.000000000000,0.010000000000
1420694021,307.150000000000,0.010000000000
1420694044,293.710000000000,0.010000000000
1420694075,285.970000000000,0.010000000000
1420694113,272.890000000000,0.010000000000
1420694121,265.640000000000,0.010000000000
1420694141,296.800000000000,0.010000000000
1420694153,312.250000000000,0.010000000000
1420694171,290.040000000000,0.010000000000
1420694209,271.500000000000,0.010000000000
1420694215,267.690000000000,0.010000000000
1420694232,311.390000000000,0.010000000000
1420694269,268.920000000000,0.010000000000
1420694313,286.800000000000,0.010000000000
1420694342,270.620000000000,0.010000000000
1420694374,272.660000000000,0.010000000000
1420694386,270.700000000000,0.010000000000
1420694427,299.490000000000,0.010000000000
1420694439,281.190000000000,0.010000000000
1420694447,272.540000000000,0.010000000000
1420694464,313.210000000000,0.010000000000
1420694486,293.140000000000,0.010000000000
1420694498,270.720000000000,0.010000000000
1420694516,290.870000000000,0.010000000000
1420694535,295.480000000000,0.010000000000
1420694554,270.340000000000,0.010000000000
1420694564,304.490000000000,0.010000000000
1420694609,277.540000000000,0.010000000000
1420694649,276.960000000000,0.010000000000
1420694675,265.580000000000,0.010000000000
1420694702,289.870000000000,0.010000000000
1420694721,279.780000000000,0.010000000000
1420694753,290.330000000000,0.010000000000
1420694788,280.380000000000,0.010000000000
1420694830,273.990000000000,0.010000000000
1420694864,287.430000000000,0.010000000000
1420694895,279.500000000000,0.010000000000
1420694925,269.100000000000,0.010000000000
1420694935,295.540000000000,0.010000000000
1420694945,303.670000000000,0.010000000000
1420694961,308.130000000000,0.010000000000
1420695006,290.100000000000,0.010000000000
1420695027,273.240000000000,0.010000000000
1420695060,279.420000000000,0.010000000000
1420695067,266.820000000000,0.010000000000
1420695102,311.190000000000,0.010000000000
1420695146,290.200000000000,0.010000000000
1420695159,294.680000000000,0.010000000000
1420695193,301.400000000000,0.010000000000
1420695220,306.510000000000,0.010000000000
1420695233,275.130000000000,0.010000000000
1420695249,288.470000000000,0.010000000000
1420695280,307.840000000000,0.010000000000
1420695311,286.820000000000,0.010000000000
1420695316,306.420000000000,0.010000000000
1420695356,265.510000000000,0.010000000000
1420695370,298.150000000000,0.010000000000
1420695397,312.090000000000,0.010000000000
1420695416,269.620000000000,0.010000000000
1420695445,309.790000000000,0.010000000000
1420695481,266.430000000000,0.010000000000
1420695502,301.620000000000,0.010000000000
1420695530,271.740000000000,0.010000000000
1420695559,290.290000000000,0.010000000000
1420695601,286.600000000000,0.010000000000
1420695641,271.260000000000,0.010000000000
1420695660,305.950000000000,0.010000000000
1420695694,296.150000000000,0.010000000000
1420695702,302.100000000000,0.010000000000
1420695717,288.110000000000,0.010000000000
1420695723,292.500000000000,0.010000000000
1420695768,283.980000000000,0.010000000000
1420695804,297.920000000000,0.010000000000
1420695822,281.510000000000,0.010000000000
1420695846,296.600000000000,0.010000000000
1420695863,267.300000000000,0.010000000000
1420695873,292.520000000000,0.010000000000
1420695906,285.760000000000,0.010000000000
1420695942,290.140000000000,0.010000000000
1420695978,290.710000000000,0.010000000000
1420695997,282.850000000000,0.010000000000
1420696034,277.270000000000,0.010000000000
1420696042,297.130000000000,0.010000000000
1420696075,272.020000000000,0.010000000000
1420696093,294.070000000000,0.010000000000
1420696103,308.740000000000,0.010000000000
1420696140,267.170000000000,0.010000000000
1420696158,267.780000000000,0.010000000000
1420696167,292.640000000000,0.010000000000
1420696210,294.470000000000,0.010000000000
1420696248,288.990000000000,0.010000000000
1420696268,314.620000000000,0.010000000000
1420696297,278.770000000000,0.010000000000
1420696328,314.250000000000,0.010000000000
1420696351,284.340000000000,0.010000000000
1420696377,307.380000000000,0.010000000000
1420696393,265.910000000000,0.010000000000
1420696419,284.040000000000,0.010000000000
1420696437,292.210000000000,0.010000000000
1420696476,289.580000000000,0.010000000000
1420696498,274.470000000000,0.010000000000
1420696524,302.750000000000,0.010000000000
1420696530,280.450000000000,0.010000000000
1420696550,278.240000000000,0.010000000000
1420696561,267.490000000000,0.010000000000
1420696607,295.120000000000,0.010000000000
1420696616,272.670000000000,0.010000000000
1420696630,297.640000000000,0.010000000000
1420696673,278.840000000000,0.010000000000
1420696680,304.190000000000,0.010000000000
1420696699,277.710000000000,0.010000000000
1420696736,308.050000000000,0.010000000000
1420696772,274.320000000000,0.010000000000
1420696786,285.170000000000,0.010000000000
1420696793,275.440000000000,0.010000000000
1420696804,297.080000000000,0.010000000000
1420696828,284.230000000000,0.010000000000
1420696868,271.040000000000,0.010000000000
1420696905,268.820000000000,0.010000000000
1420696945,285.450000000000,0.010000000000
1420696971,271.390000000000,0.010000000000
1420696998,287.380000000000,0.010000000000
1420697037,308.160000000000,0.010000000000
1420697046,302.030000000000,0.010000000000
1420697080,265.760000000000,0.010000000000
1420697112,273.580000000000,0.010000000000
1420697126,271.360000000000,0.010000000000
1420697136,278.010000000000,0.010000000000
1420697152,281.290000000000,0.010000000000
1420697189,294.310000000000,0.010000000000
1420697216,277.740000000000,0.010000000000
1420697222,287.820000000000,0.010000000000
1420697239,293.100000000000,0.010000000000
1420697254,304.790000000000,0.010000000000
1420697278,307.700000000000,0.010000000000
1420697296,310.190000000000,0.010000000000
1420697311,313.470000000000,0.010000000000
1420697341,306.730000000000,0.010000000000
1420697373,309.150000000000,0.010000000000
1420697397,281.910000000000,0.010000000000
1420697416,302.430000000000,0.010000000000
1420697435,302.260000000000,0.010000000000
1420697466,286.090000000000,0.010000000000
1420697508,286.080000000000,0.010000000000
1420697540,288.840000000000,0.010000000000
1420697558,301.060000000000,0.010000000000
1420697589,310.790000000000,0.010000000000
1420697628,290.480000000000,0.010000000000
1420697664,299.860000000000,0.010000000000
1420697693,295.620000000000,0.010000000000
1420697703,266.500000000000,0.010000000000
1420697710,282.220000000000,0.010000000000
1420697742,297.490000000000,0.010000000000
1420697767,285.750000000000,0.010000000000
1420697791,265.500000000000,0.010000000000
1420697836,289.430000000000,0.010000000000
1420697850,268.540000000000,0.010000000000
1420697860,305.360000000000,0.010000000000
1420697876,307.330000000000,0.010000000000
1420697905,265.520000000000,0.010000000000
1420697937,305.340000000000,0.010000000000
1420697968,287.650000000000,0.010000000000
1420697991,265.680000000000,0.010000000000
1420698032,290.190000000000,0.010000000000
1420698041,298.840000000000,0.010000000000
1420698063,280.590000000000,0.010000000000
1420698070,306.480000000000,0.010000000000
1420698093,267.410000000000,0.010000000000
1420698130,297.370000000000,0.010000000000
1420698168,298.370000000000,0.010000000000
1420698185,301.890000000000,0.010000000000
1420698200,281.000000000000,0.010000000000
1420698206,308.620000000000,0.010000000000
1420698232,285.860000000000,0.010000000000
1420698276,303.250000000000,0.010000000000
1420698298,294.660000000000,0.010000000000
1420698332,306.980000000000,0.010000000000
1420698375,296.070000000000,0.010000000000
1420698399,268.560000000000,0.010000000000
1420698438,295.140000000000,0.010000000000
1420698464,268.580000000000,0.010000000000
1420698499,290.550000000000,0.010000000000
1420698513,286.940000000000,0.010000000000
1420698550,266.880000000000,0.010000000000
1420698562,288.080000000000,0.010000000000
1420698575,270.130000000000,0.010000000000
1420698620,300.370000000000,0.010000000000
1420698658,276.250000000000,0.010000000000
1420698700,273.590000000000,0.010000000000
1420698717,290.350000000000,0.010000000000
1420698744,300.340000000000,0.010000000000
1420698780,311.590000000000,0.010000000000
1420698815,307.570000000000,0.010000000000
1420698854,281.170000000000,0.010000000000
1420698863,300.810000000000,0.010000000000
1420698902,314.260000000000,0.010000000000
1420698945,300.400000000000,0.010000000000
1420698990,293.700000000000,0.010000000000
1420699020,299.780000000000,0.010000000000
1420699035,308.650000000000,0.010000000000
1420699074,282.410000000000,0.010000000000
1420699102,306.190000000000,0.010000000000
1420699118,289.030000000000,0.010000000000
1420699162,296.910000000000,0.010000000000
1420699173,310.680000000000,0.010000000000
1420699205,308.010000000000,0.010000000000
1420699217,302.660000000000,0.010000000000
1420699259,285.990000000000,0.010000000000
1420699271,293.360000000000,0.010000000000
1420699312,302.040000000000,0.010000000000
1420699318,302.490000000000,0.010000000000
1420699358,274.080000000000,0.010000000000
1420699385,302.470000000000,0.010000000000
1420699415,267.370000000000,0.010000000000
1420699440,308.040000000000,0.010000000000
1420699474,271.030000000000,0.010000000000
1420699494,279.480000000000,0.010000000000
1420699523,277.500000000000,0.010000000000
1420699538,290.200000000000,0.010000000000
1420699553,293.820000000000,0.010000000000
1420699590,293.900000000000,0.010000000000
1420699598,310.310000000000,0.010000000000
1420699640,309.660000000000,0.010000000000
1420699667,294.310000000000,0.010000000000
1420699680,282.700000000000,0.010000000000
1420699709,275.820000000000,0.010000000000
1420699716,307.250000000000,0.010000000000
1420699737,299.980000000000,0.010000000000
1420699750,312.930000000000,0.010000000000
1420699760,285.520000000000,0.010000000000
1420699784,266.400000000000,0.010000000000
1420699816,307.480000000000,0.010000000000
1420699854,277.170000000000,0.010000000000
1420699895,278.170000000000,0.010000000000
1420699933,304.280000000000,0.010000000000
1420699942,289.850000000000,0.010000000000
1420699974,274.660000000000,0.010000000000
1420700008,305.930000000000,0.010000000000
1420700036,294.490000000000,0.010000000000
1420700056,295.000000000000,0.010000000000
1420700068,267.010000000000,0.010000000000
1420700112,307.530000000000,0.010000000000
1420700152,291.030000000000,0.010000000000
1420700160,265.990000000000,0.010000000000
1420700205,308.540000000000,0.010000000000
1420700244,286.280000000000,0.010000000000
1420700261,296.590000000000,0.010000000000
1420700270,308.860000000000,0.010000000000
1420700280,278.980000000000,0.010000000000
1420700308,269.480000000000,0.010000000000
1420700333,267.750000000000,0.010000000000
1420700341,292.480000000000,0.010000000000
1420700362,311.870000000000,0.010000000000
1420700377,314.910000000000,0.010000000000
1420700414,289.390000000000,0.010000000000
1420700425,306.490000000000,0.010000000000
1420700455,312.990000000000,0.010000000000
1420700465,300.580000000000,0.010000000000
1420700503,275.490000000000,0.010000000000
1420700545,310.210000000000,0.010000000000
1420700580,277.060000000000,0.010000000000
1420700598,311.510000000000,0.010000000000
1420700628,293.180000000000,0.010000000000
1420700661,270.180000000000,0.010000000000
1420700696,284.930000000000,0.010000000000
1420700710,267.180000000000,0.010000000000
1420700752,276.030000000000,0.010000000000
1420700794,280.170000000000,0.010000000000
1420700825,292.520000000000,0.010000000000
1420700863,290.290000000000,0.010000000000
1420700879,280.120000000000,0.010000000000
1420700896,296.290000000000,0.010000000000
1420700931,281.970000000000,0.010000000000
1420700950,293.640000000000,0.010000000000
1420700984,298.240000000000,0.010000000000
1420701010,283.690000000000,0.010000000000
1420701016,303.970000000000,0.010000000000
1420701032,299.510000000000,0.010000000000
1420701038,265.680000000000,0.010000000000
1420701071,305.970000000000,0.010000000000
1420701083,293.740000000000,0.010000000000
1420701097,269.400000000000,0.010000000000
1420701127,297.550000000000,0.010000000000
1420701146,306.770000000000,0.010000000000
1420701174,296.900000000000,0.010000000000
1420701214,266.830000000000,0.010000000000
1420701232,303.800000000000,0.010000000000
1420701260,296.690000000000,0.010000000000
1420701272,284.850000000000,0.010000000000
1420701311,290.010000000000,0.010000000000
1420701338,284.500000000000,0.010000000000
1420701373,269.370000000000,0.010000000000
1420701415,282.360000000000,0.010000000000
1420701432,280.600000000000,0.010000000000
1420701474,300.950000000000,0.010000000000
1420701492,284.350000000000,0.010000000000
1420701531,309.140000000000,0.010000000000
1420701576,277.410000000000,0.010000000000
1420701616,292.600000000000,0.010000000000
1420701645,311.260000000000,0.010000000000
1420701653,291.530000000000,0.010000000000
1420701662,267.330000000000,0.010000000000
1420701677,292.380000000000,0.010000000000
1420701713,269.470000000000,0.010000000000
1420701731,301.280000000000,0.010000000000
1420701754,313.030000000000,0.010000000000
1420701766,299.690000000000,0.010000000000
1420701784,270.870000000000,0.010000000000
1420701792,299.930000000000,0.010000000000
1420701808,273.230000000000,0.010000000000
1420701840,310.910000000000,0.010000000000
1420701858,290.530000000000,0.010000000000
1420701900,293.750000000000,0.010000000000
1420701931,295.700000000000,0.010000000000
1420701965,301.510000000000,0.010000000000
1420701976,285.620000000000,0.010000000000
1420702008,310.910000000000,0.010000000000
1420702049,290.630000000000,0.010000000000
1420702068,288.790000000000,0.010000000000
1420702107,297.440000000000,0.010000000000
1420702148,309.080000000000,0.010000000000
1420702165,314.110000000000,0.010000000000
1420702202,281.470000000000,0.010000000000
1420702223,268.340000000000,0.010000000000
1420702243,267.490000000000,0.010000000000
1420702268,294.940000000000,0.010000000000
1420702282,265.810000000000,0.010000000000
1420702310,289.010000000000,0.010000000000
1420702354,292.890000000000,0.010000000000
1420702360,267.600000000000,0.010000000000
1420702383,275.070000000000,0.010000000000
1420702428,266.440000000000,0.010000000000
1420702463,270.640000000000,0.010000000000
1420702500,272.430000000000,0.010000000000
1420702517,299.410000000000,0.010000000000
1420702535,297.610000000000,0.010000000000
1420702569,297.750000000000,0.010000000000
1420702587,271.580000000000,0.010000000000
1420702607,295.250000000000,0.010000000000
1420702613,286.780000000000,0.010000000000
1420702653,281.580000000000,0.010000000000
1420702679,273.550000000000,0.010000000000
1420702690,298.040000000000,0.010000000000
1420702725,272.240000000000,0.010000000000
1420702739,272.630000000000,0.010000000000
1420702751,271.450000000000,0.010000000000
1420702768,266.940000000000,0.010000000000
1420702781,267.640000000000,0.010000000000
1420702791,284.800000000000,0.010000000000
1420702811,283.460000000000,0.010000000000
1420702844,313.860000000000,0.010000000000
1420702871,307.400000000000,0.010000000000
1420702890,272.960000000000,0.010000000000
1420702919,304.060000000000,0.010000000000
1420702954,297.000000000000,0.010000000000
1420702996,281.430000000000,0.010000000000
1420703035,293.020000000000,0.010000000000
1420703052,296.700000000000,0.010000000000
1420703068,301.500000000000,0.010000000000
1420703112,276.810000000000,0.010000000000
1420703128,271.260000000000,0.010000000000
1420703170,269.810000000000,0.010000000000
1420703190,279.320000000000,0.010000000000
1420703201,289.790000000000,0.010000000000
1420703213,309.990000000000,0.010000000000
1420703249,282.240000000000,0.010000000000
1420703277,288.980000000000,0.010000000000
1420703288,304.030000000000,0.010000000000
1420703322,276.710000000000,0.010000000000
1420703356,272.380000000000,0.010000000000
1420703384,287.410000000000,0.010000000000
1420703421,268.240000000000,0.010000000000
1420703450,293.800000000000,0.010000000000
1420703479,314.030000000000,0.010000000000
1420703512,287.190000000000,0.010000000000
1420703543,279.680000000000,0.010000000000
1420703550,294.820000000000,0.010000000000
1420703562,268.710000000000,0.010000000000
1420703583,280.090000000000,0.010000000000
1420703597,281.300000000000,0.010000000000
1420703622,279.520000000000,0.010000000000
1420703654,285.570000000000,0.010000000000
1420703671,272.770000000000,0.010000000000
1420703685,273.040000000000,0.010000000000
1420703715,266.650000000000,0.010000000000
1420703731,304.710000000000,0.010000000000
1420703772,265.540000000000,0.010000000000
1420703814,296.350000000000,0.010000000000
1420703845,298.710000000000,0.010000000000
1420703878,311.660000000000,0.010000000000
1420703891,282.730000000000,0.010000000000
1420703933,294.540000000000,0.010000000000
1420703968,266.570000000000,0.010000000000
1420704010,271.130000000000,0.010000000000
1420704039,295.500000000000,0.010000000000
1420704067,285.100000000000,0.010000000000
1420704084,282.530000000000,0.010000000000
1420704099,283.170000000000,0.010000000000
1420704120,270.240000000000,0.010000000000
1420704159,270.440000000000,0.010000000000
1420704196,284.080000000000,0.010000000000
1420704228,287.120000000000,0.010000000000
1420704242,271.430000000000,0.010000000000
1420704283,296.980000000000,0.010000000000
1420704294,289.580000000000,0.010000000000
1420704327,269.450000000000,0.010000000000
1420704361,285.780000000000,0.010000000000
1420704402,271.480000000000,0.010000000000
1420704418,284.900000000000,0.010000000000
1420704440,302.540000000000,0.010000000000
1420704456,288.290000000000,0.010000000000
1420704463,283.870000000000,0.010000000000
1420704476,311.180000000000,0.010000000000
1420704513,308.600000000000,0.010000000000
1420704527,311.250000000000,0.010000000000
1420704562,284.370000000000,0.010000000000
1420704590,311.360000000000,0.010000000000
1420704598,272.090000000000,0.010000000000
1420704605,310.910000000000,0.010000000000
1420704632,297.470000000000,0.010000000000
1420704663,278.740000000000,0.010000000000
1420704705,292.460000000000,0.010000000000
1420704723,296.490000000000,0.010000000000
1420704736,276.880000000000,0.010000000000
1420704748,290.310000000000,0.010000000000
1420704777,274.870000000000,0.010000000000
1420704816,288.760000000000,0.010000000000
1420704860,309.710000000000,0.010000000000
1420704895,272.000000000000,0.010000000000
1420704902,310.810000000000,0.010000000000
1420704925,299.120000000000,0.010000000000
1420704955,314.600000000000,0.010000000000
1420704969,272.260000000000,0.010000000000
1420705000,303.810000000000,0.010000000000
1420705040,284.850000000000,0.010000000000
1420705061,270.180000000000,0.010000000000
1420705079,282.020000000000,0.010000000000
1420705120,279.920000000000,0.010000000000
1420705133,303.180000000000,0.010000000000
1420705171,285.890000000000,0.010000000000
1420705202,285.640000000000,0.010000000000
1420705236,295.820000000000,0.010000000000
1420705258,292.880000000000,0.010000000000
1420705268,298.620000000000,0.010000000000
1420705275,298.750000000000,0.010000000000
1420705303,287.870000000000,0.010000000000
1420705344,282.150000000000,0.010000000000
1420705386,278.270000000000,0.010000000000
1420705401,313.890000000000,0.010000000000
1420705427,281.140000000000,0.010000000000
1420705468,303.210000000000,0.010000000000
1420705496,301.850000000000,0.010000000000
1420705539,275.950000000000,0.010000000000
1420705576,271.650000000000,0.010000000000
1420705615,278.320000000000,0.010000000000
1420705642,273.510000000000,0.010000000000
1420705658,277.880000000000,0.010000000000
1420705674,283.390000000000,0.010000000000
1420705717,281.240000000000,0.010000000000
1420705755,310.480000000000,0.010000000000
1420705766,284.930000000000,0.010000000000
1420705774,268.930000000000,0.010000000000
1420705810,284.470000000000,0.010000000000
1420705851,287.640000000000,0.010000000000
1420705895,290.950000000000,0.010000000000
1420705919,270.830000000000,0.010000000000
1420705941,268.550000000000,0.010000000000
1420705977,267.600000000000,0.010000000000
1420705987,312.430000000000,0.010000000000
1420706007,298.280000000000,0.010000000000
1420706039,297.540000000000,0.010000000000
1420706069,289.250000000000,0.010000000000
1420747349,302.640000000000,0.010000000000
1420747384,309.120000000000,0.010000000000
1420747394,285.410000000000,0.010000000000
1420747439,266.500000000000,0.010000000000
1420747462,298.630000000000,0.010000000000
1420747499,287.640000000000,0.010000000000
1420747536,288.250000000000,0.010000000000
1420747581,277.070000000000,0.010000000000
1420747622,293.590000000000,0.010000000000
1420747667,310.390000000000,0.010000000000
1420747706,286.400000000000,0.010000000000
1420747732,311.230000000000,0.010000000000
1420747758,266.590000000000,0.010000000000
1420747764,288.510000000000,0.010000000000
1420747805,314.720000000000,0.010000000000
1420747838,313.350000000000,0.010000000000
1420747864,279.060000000000,0.010000000000
1420747891,288.780000000000,0.010000000000
1420747936,286.950000000000,0.010000000000
1420747975,266.940000000000,0.010000000000
1420748007,309.410000000000,0.010000000000
1420748040,287.700000000000,0.010000000000
1420748080,276.440000000000,0.010000000000
1420748113,313.240000000000,0.010000000000
1420748130,269.840000000000,0.010000000000
1420748161,287.550000000000,0.010000000000
1420748184,306.340000000000,0.010000000000
1420748191,310.370000000000,0.010000000000
1420748217,275.580000000000,0.010000000000
1420748235,269.600000000000,0.010000000000
1420748264,302.750000000000,0.010000000000
1420748306,280.390000000000,0.010000000000
1420748343,276.620000000000,0.010000000000
1420748352,277.640000000000,0.010000000000
1420748375,293.860000000000,0.010000000000
1420748393,288.990000000000,0.010000000000
1421120331,260.000000000000,1.000000000000
1421193686,200.000000000000,0.010000000000
1421206444,221.000000000000,0.010000000000
1421206572,219.630000000000,0.010000000000
1421215761,220.000000000000,0.010000000000
1421215761,219.630000000000,0.004879260000
1421215761,219.030000000000,0.014879260000
1421215761,217.630000000000,0.010241480000
1421215777,217.630000000000,0.004637780000
1421220738,204.000000000000,0.010000000000
1421220738,203.000000000000,0.010000000000
1421220738,202.000000000000,0.010000000000
1421220738,200.000000000000,0.010000000000
1421220738,199.000000000000,0.010000000000
1421224654,109.940000000000,0.010000000000
1421224683,189.740000000000,0.010000000000
1421224696,133.100000000000,0.010000000000
1421224729,194.940000000000,0.010000000000
1421224748,161.620000000000,0.010000000000
1421224773,160.080000000000,0.010000000000
1421224793,115.390000000000,0.010000000000
1421224822,164.310000000000,0.010000000000
1421224855,165.680000000000,0.010000000000
1421224861,148.960000000000,0.010000000000
1421224877,170.480000000000,0.010000000000
1421224920,189.280000000000,0.010000000000
1421224965,141.880000000000,0.010000000000
1421225008,121.970000000000,0.010000000000
1421225052,114.030000000000,0.010000000000
1421225066,143.360000000000,0.010000000000
1421225077,189.130000000000,0.010000000000
1421225093,113.060000000000,0.010000000000
1421226686,186.970000000000,0.010000000000
1421226705,160.280000000000,0.010000000000
1421226739,177.840000000000,0.010000000000
1421226774,146.660000000000,0.010000000000
1421226780,145.550000000000,0.010000000000
1421226816,124.850000000000,0.010000000000
1421226827,176.590000000000,0.010000000000
1421226871,131.460000000000,0.010000000000
1421226896,181.640000000000,0.010000000000
1421226938,125.240000000000,0.010000000000
1421226974,136.620000000000,0.010000000000
1421226983,135.840000000000,0.010000000000
1421227010,131.230000000000,0.010000000000
1421227048,162.910000000000,0.010000000000
1421227060,170.940000000000,0.010000000000
1421227074,192.380000000000,0.010000000000
1421227105,152.800000000000,0.010000000000
1421227116,193.560000000000,0.010000000000
1421227126,192.420000000000,0.010000000000
1421227134,127.050000000000,0.010000000000
1421227153,178.280000000000,0.010000000000
1421227177,168.160000000000,0.010000000000
1421227187,142.930000000000,0.010000000000
1421227223,189.470000000000,0.010000000000
1421227231,169.690000000000,0.010000000000
1421227254,171.770000000000,0.010000000000
1421227289,133.150000000000,0.010000000000
1421227308,140.940000000000,0.010000000000
1421227320,115.000000000000,0.010000000000
1421227330,158.840000000000,0.010000000000
1421227346,133.200000000000,0.010000000000
1421227387,191.340000000000,0.010000000000
1421227401,148.630000000000,0.010000000000
1421227408,194.470000000000,0.010000000000
1421227452,133.070000000000,0.010000000000
1421227471,146.160000000000,0.010000000000
1421227510,197.270000000000,0.010000000000
1421227546,158.050000000000,0.010000000000
1421227575,138.560000000000,0.010000000000
1421227618,183.870000000000,0.010000000000
1421227656,165.460000000000,0.010000000000
1421227670,179.120000000000,0.010000000000
1421227710,188.550000000000,0.010000000000
1421227728,115.010000000000,0.010000000000
1421227748,158.120000000000,0.010000000000
1421227765,161.130000000000,0.010000000000
1421227786,120.610000000000,0.010000000000
1421227825,168.710000000000,0.010000000000
1421227849,129.520000000000,0.010000000000
1421227874,138.000000000000,0.010000000000
1421227890,142.820000000000,0.010000000000
1421227906,138.310000000000,0.010000000000
1421227927,187.750000000000,0.010000000000
1421227937,139.410000000000,0.010000000000
1421227981,145.800000000000,0.010000000000
1421228001,124.760000000000,0.010000000000
1421228037,176.660000000000,0.010000000000
1421228053,159.880000000000,0.010000000000
1421228090,176.770000000000,0.010000000000
1421228104,141.100000000000,0.010000000000
1421228111,148.950000000000,0.010000000000
1421228122,177.180000000000,0.010000000000
1421228152,158.450000000000,0.010000000000
1421228169,117.910000000000,0.010000000000
1421228190,164.430000000000,0.010000000000
1421228217,175.140000000000,0.010000000000
1421228243,193.660000000000,0.010000000000
1421228270,121.610000000000,0.010000000000
1421228287,111.530000000000,0.010000000000
1421228298,181.950000000000,0.010000000000
1421228328,145.440000000000,0.010000000000
1421228364,117.310000000000,0.010000000000
1421228381,115.820000000000,0.010000000000
1421228414,129.420000000000,0.010000000000
1421228431,117.210000000000,0.010000000000
1421228459,156.930000000000,0.010000000000
1421228493,171.090000000000,0.010000000000
1421228536,130.460000000000,0.010000000000
1421228581,189.220000000000,0.010000000000
1421228626,179.170000000000,0.010000000000
1421228635,191.760000000000,0.010000000000
1421228675,156.130000000000,0.010000000000
1421228692,183.980000000000,0.010000000000
1421228719,126.830000000000,0.010000000000
1421228749,186.340000000000,0.010000000000
1421228780,183.860000000000,0.010000000000
1421228802,164.290000000000,0.010000000000
1421228842,137.290000000000,0.010000000000
1421228856,176.630000000000,0.010000000000
1421228898,157.790000000000,0.010000000000
1421228934,173.190000000000,0.010000000000
1421228978,124.510000000000,0.010000000000
1421229002,122.250000000000,0.010000000000
1421229045,194.280000000000,0.010000000000
1421229062,185.420000000000,0.010000000000
1421229081,183.800000000000,0.010000000000
1421229104,160.320000000000,0.010000000000
1421229139,196.190000000000,0.010000000000
1421229152,192.890000000000,0.010000000000
1421229182,138.810000000000,0.010000000000
1421229204,153.540000000000,0.010000000000
1421229220,153.290000000000,0.010000000000
1421229258,156.180000000000,0.010000000000
1421229299,147.970000000000,0.010000000000
1421229333,116.080000000000,0.010000000000
1421229340,177.480000000000,0.010000000000
1421229351,159.440000000000,0.010000000000
1421229359,119.930000000000,0.010000000000
1421229395,194.530000000000,0.010000000000
1421229418,117.130000000000,0.010000000000
1421229442,184.330000000000,0.010000000000
1421229477,180.970000000000,0.010000000000
1421229521,159.350000000000,0.010000000000
1421229556,145.070000000000,0.010000000000
1421229577,162.190000000000,0.010000000000
1421229598,153.590000000000,0.010000000000
1421229611,136.730000000000,0.010000000000
1421229654,134.030000000000,0.010000000000
1421229679,131.970000000000,0.010000000000
1421229687,116.600000000000,0.010000000000
1421229719,196.340000000000,0.010000000000
1421229763,112.850000000000,0.010000000000
1421229775,158.700000000000,0.010000000000
1421229798,126.770000000000,0.010000000000
1421229814,131.600000000000,0.010000000000
1421229856,167.890000000000,0.010000000000
1421229877,150.280000000000,0.010000000000
1421229902,149.770000000000,0.010000000000
1421229945,113.880000000000,0.010000000000
1421229984,163.730000000000,0.010000000000
1421230029,164.000000000000,0.010000000000
1421230037,187.090000000000,0.010000000000
1421230050,167.210000000000,0.010000000000
1421230080,120.130000000000,0.010000000000
1421230108,150.730000000000,0.010000000000
1421230121,179.910000000000,0.010000000000
1421230148,111.460000000000,0.010000000000
1421230157,196.990000000000,0.010000000000
1421230184,140.480000000000,0.010000000000
1421230203,172.170000000000,0.010000000000
1421230246,149.660000000000,0.010000000000
1421230262,120.700000000000,0.010000000000
1421230281,158.930000000000,0.010000000000
1421230310,133.610000000000,0.010000000000
1421230319,155.510000000000,0.010000000000
1421230354,137.270000000000,0.010000000000
1421230377,165.800000000000,0.010000000000
1421230413,143.070000000000,0.010000000000
1421230447,135.380000000000,0.010000000000
1421230484,188.370000000000,0.010000000000
1421230521,137.260000000000,0.010000000000
1421230546,177.070000000000,0.010000000000
1421230571,186.860000000000,0.010000000000
1421230587,137.750000000000,0.010000000000
1421230601,137.020000000000,0.010000000000
1421230629,112.770000000000,0.010000000000
1421230648,118.520000000000,0.010000000000
1421230664,112.870000000000,0.010000000000
1421230686,123.470000000000,0.010000000000
1421230705,192.420000000000,0.010000000000
1421230720,134.980000000000,0.010000000000
1421230744,134.010000000000,0.010000000000
1421230753,120.390000000000,0.010000000000
1421230770,141.900000000000,0.010000000000
1421230799,136.520000000000,0.010000000000
1421230829,151.630000000000,0.010000000000
1421230839,181.380000000000,0.010000000000
1421230880,154.360000000000,0.010000000000
1421230901,190.300000000000,0.010000000000
1421230914,192.400000000000,0.010000000000
1421230948,128.010000000000,0.010000000000
1421230960,156.510000000000,0.010000000000
1421230994,111.370000000000,0.010000000000
1421231019,136.630000000000,0.010000000000
1421231060,187.890000000000,0.010000000000
1421231105,175.690000000000,0.010000000000
1421231119,146.660000000000,0.010000000000
1421231139,197.020000000000,0.010000000000
1421231162,145.880000000000,0.010000000000
1421231189,146.980000000000,0.010000000000
1421231228,110.130000000000,0.010000000000
1421231242,189.100000000000,0.010000000000
1421231253,124.840000000000,0.010000000000
1421231287,130.720000000000,0.010000000000
1421231302,155.330000000000,0.010000000000
1421231325,111.920000000000,0.010000000000
1421231350,179.390000000000,0.010000000000
1421231383,193.970000000000,0.010000000000
1421231391,178.270000000000,0.010000000000
1421231426,131.790000000000,0.010000000000
1421231439,145.750000000000,0.010000000000
1421231465,150.600000000000,0.010000000000
1421231475,131.150000000000,0.010000000000
1421231483,186.200000000000,0.010000000000
1421231497,199.000000000000,0.010000000000
1421231527,137.150000000000,0.010000000000
1421231571,146.500000000000,0.010000000000
1421231606,116.030000000000,0.010000000000
1421231627,132.020000000000,0.010000000000
1421231670,120.260000000000,0.010000000000
1421231705,172.260000000000,0.010000000000
1421231723,170.230000000000,0.010000000000
1421231765,112.150000000000,0.010000000000
1421231784,153.010000000000,0.010000000000
1421231791,148.170000000000,0.010000000000
1421231802,128.060000000000,0.010000000000
1421231827,113.270000000000,0.010000000000
1421231837,137.830000000000,0.010000000000
1421231846,151.620000000000,0.010000000000
1421231870,174.050000000000,0.010000000000
1421231906,195.830000000000,0.010000000000
1421231950,124.410000000000,0.010000000000
1421231974,123.790000000000,0.010000000000
1421231993,145.960000000000,0.010000000000
1421232005,112.270000000000,0.010000000000
1421232030,135.910000000000,0.010000000000
1421232053,164.790000000000,0.010000000000
1421232091,162.580000000000,0.010000000000
1421232125,165.690000000000,0.010000000000
1421232146,166.840000000000,0.010000000000
1421232171,150.610000000000,0.010000000000
1421232199,129.750000000000,0.010000000000
1421232233,152.450000000000,0.010000000000
1421232241,170.920000000000,0.010000000000
1421232271,162.090000000000,0.010000000000
1421232312,158.670000000000,0.010000000000
1421232334,138.070000000000,0.010000000000
1421232374,134.240000000000,0.010000000000
1421232413,191.360000000000,0.010000000000
1421232422,114.640000000000,0.010000000000
1421232446,152.320000000000,0.010000000000
1421232460,150.290000000000,0.010000000000
1421232490,146.460000000000,0.010000000000
1421232507,122.130000000000,0.010000000000
1421232545,183.520000000000,0.010000000000
1421232589,145.000000000000,0.010000000000
1421232634,138.990000000000,0.010000000000
1421232672,171.900000000000,0.010000000000
1421232707,176.810000000000,0.010000000000
1421232750,144.240000000000,0.010000000000
1421232764,130.160000000000,0.010000000000
1421232794,119.080000000000,0.010000000000
1421232824,153.460000000000,0.010000000000
1421232849,176.570000000000,0.010000000000
1421232887,167.720000000000,0.010000000000
1421232896,151.390000000000,0.010000000000
1421232920,115.880000000000,0.010000000000
1421232926,188.390000000000,0.010000000000
1421232952,169.060000000000,0.010000000000
1421232978,128.810000000000,0.010000000000
1421233008,196.910000000000,0.010000000000
1421233041,185.440000000000,0.010000000000
1421233057,142.420000000000,0.010000000000
1421233093,187.090000000000,0.010000000000
1421233138,134.180000000000,0.010000000000
1421233182,180.290000000000,0.010000000000
1421233216,149.590000000000,0.010000000000
1421233225,116.170000000000,0.010000000000
1421233233,124.850000000000,0.010000000000
1421233240,130.850000000000,0.010000000000
1421233270,132.450000000000,0.010000000000
1421233308,137.770000000000,0.010000000000
1421233348,152.690000000000,0.010000000000
1421233363,145.610000000000,0.010000000000
1421233401,116.660000000000,0.010000000000
1421233445,117.520000000000,0.010000000000
1421233488,193.890000000000,0.010000000000
1421233517,120.040000000000,0.010000000000
1421233555,164.920000000000,0.010000000000
1421233584,139.300000000000,0.010000000000
1421233602,116.880000000000,0.010000000000
1421233611,117.030000000000,0.010000000000
1421233641,197.240000000000,0.010000000000
1421233665,124.110000000000,0.010000000000
1421233675,171.860000000000,0.010000000000
1421233702,149.460000000000,0.010000000000
1421233712,164.770000000000,0.010000000000
1421233728,171.580000000000,0.010000000000
1421233741,121.680000000000,0.010000000000
1421233768,135.330000000000,0.010000000000
1421233792,191.200000000000,0.010000000000
1421233804,153.400000000000,0.010000000000
1421233821,170.870000000000,0.010000000000
1421233848,122.410000000000,0.010000000000
1421233861,150.600000000000,0.010000000000
1421233905,114.760000000000,0.010000000000
1421233925,140.890000000000,0.010000000000
1421233949,197.900000000000,0.010000000000
1421233974,195.550000000000,0.010000000000
1421233997,197.370000000000,0.010000000000
1421234010,154.800000000000,0.010000000000
1421234016,180.660000000000,0.010000000000
1421234043,125.660000000000,0.010000000000
1421234056,175.440000000000,0.010000000000
1421234087,159.270000000000,0.010000000000
1421234128,186.770000000000,0.010000000000
1421234171,111.650000000000,0.010000000000
1421234212,184.710000000000,0.010000000000
1421234226,167.320000000000,0.010000000000
1421234248,184.850000000000,0.010000000000
1421234287,126.930000000000,0.010000000000
1421234306,129.390000000000,0.010000000000
1421234350,115.030000000000,0.010000000000
1421234390,157.480000000000,0.010000000000
1421234421,148.540000000000,0.010000000000
1421234453,192.320000000000,0.010000000000
1421234467,114.730000000000,0.010000000000
1421234489,187.260000000000,0.010000000000
1421234501,139.660000000000,0.010000000000
1421234512,169.280000000000,0.010000000000
1421234521,110.660000000000,0.010000000000
1421234556,124.330000000000,0.010000000000
1421234567,155.650000000000,0.010000000000
1421234585,196.620000000000,0.010000000000
1421234627,129.210000000000,0.010000000000
1421234669,118.650000000000,0.010000000000
1421234689,184.690000000000,0.010000000000
1421234711,186.940000000000,0.010000000000
1421234722,129.040000000000,0.010000000000
1421234747,162.140000000000,0.010000000000
1421234755,124.180000000000,0.010000000000
1421234801,133.550000000000,0.010000000000
1421234830,112.370000000000,0.010000000000
1421234845,190.510000000000,0.010000000000
1421234886,172.230000000000,0.010000000000
1421234931,176.090000000000,0.010000000000
1421234937,196.820000000000,0.010000000000
1421234957,124.690000000000,0.010000000000
1421234990,155.000000000000,0.010000000000
1421235024,154.320000000000,0.010000000000
1421235061,136.560000000000,0.010000000000
1421235099,165.130000000000,0.010000000000
1421235116,147.980000000000,0.010000000000
1421235136,117.660000000000,0.010000000000
1421235167,117.380000000000,0.010000000000
1421235185,120.510000000000,0.010000000000
1421235211,191.840000000000,0.010000000000
1421235250,122.940000000000,0.010000000000
1421235266,181.370000000000,0.010000000000
1421235292,138.830000000000,0.010000000000
1421235318,167.650000000000,0.010000000000
1421235353,182.170000000000,0.010000000000
1421235365,151.270000000000,0.010000000000
1421235410,189.250000000000,0.010000000000
1421235448,144.700000000000,0.010000000000
1421235492,132.870000000000,0.010000000000
1421235529,196.830000000000,0.010000000000
1421235538,171.290000000000,0.010000000000
1421235571,111.890000000000,0.010000000000
1421235613,122.300000000000,0.010000000000
1421235655,178.580000000000,0.010000000000
1421235695,153.240000000000,0.010000000000
1421235719,182.980000000000,0.010000000000
1421235736,136.830000000000,0.010000000000
1421235765,154.620000000000,0.010000000000
1421235807,143.430000000000,0.010000000000
1421235837,149.020000000000,0.010000000000
1421235854,128.420000000000,0.010000000000
1421235882,114.360000000000,0.010000000000
1421235912,140.400000000000,0.010000000000
1421235924,118.970000000000,0.010000000000
1421235949,142.380000000000,0.010000000000
1421235967,149.210000000000,0.010000000000
1421235974,147.180000000000,0.010000000000
1421236006,123.280000000000,0.010000000000
1421236021,180.770000000000,0.010000000000
1421236062,126.320000000000,0.010000000000
1421236094,153.960000000000,0.010000000000
1421236138,146.320000000000,0.010000000000
1421236152,176.280000000000,0.010000000000
1421236172,174.730000000000,0.010000000000
1421236204,142.370000000000,0.010000000000
1421236241,186.140000000000,0.010000000000
1421236248,119.200000000000,0.010000000000
1421236275,161.890000000000,0.010000000000
1421236316,193.930000000000,0.010000000000
1421236360,191.400000000000,0.010000000000
1421236400,198.000000000000,0.010000000000
1421236414,120.620000000000,0.010000000000
1421236456,130.020000000000,0.010000000000
1421236495,153.680000000000,0.010000000000
1421236531,125.500000000000,0.010000000000
1421236554,159.370000000000,0.010000000000
1421236584,161.250000000000,0.010000000000
1421236614,176.550000000000,0.010000000000
1421236630,168.760000000000,0.010000000000
1421236648,133.290000000000,0.010000000000
1421236677,190.600000000000,0.010000000000
1421236695,115.170000000000,0.010000000000
1421236709,139.990000000000,0.010000000000
1421236716,111.310000000000,0.010000000000
1421236750,118.290000000000,0.010000000000
1421236769,193.750000000000,0.010000000000
1421236805,176.190000000000,0.010000000000
1421236817,185.510000000000,0.010000000000
1421236849,183.610000000000,0.010000000000
1421236883,133.160000000000,0.010000000000
1421236900,147.180000000000,0.010000000000
1421236942,189.650000000000,0.010000000000
1421236972,126.140000000000,0.010000000000
1421237015,193.750000000000,0.010000000000
1421237021,169.050000000000,0.010000000000
1421237054,134.020000000000,0.010000000000
1421237069,172.460000000000,0.010000000000
1421237086,195.040000000000,0.010000000000
1421237116,126.000000000000,0.010000000000
1421237136,115.760000000000,0.010000000000
1421237171,115.400000000000,0.010000000000
1421237185,164.070000000000,0.010000000000
1421237224,190.080000000000,0.010000000000
1421237264,194.740000000000,0.010000000000
1421237272,158.080000000000,0.010000000000
1421237280,183.960000000000,0.010000000000
1421237311,165.490000000000,0.010000000000
1421237346,114.570000000000,0.010000000000
1421237361,165.540000000000,0.010000000000
1421237389,141.640000000000,0.010000000000
1421237413,112.740000000000,0.010000000000
1421237430,140.030000000000,0.010000000000
1421237472,140.190000000000,0.010000000000
1421237497,111.300000000000,0.010000000000
1421237505,120.420000000000,0.010000000000
1421237529,188.550000000000,0.010000000000
1421237555,160.820000000000,0.010000000000
1421237586,148.190000000000,0.010000000000
1421237628,140.220000000000,0.010000000000
1421237640,134.900000000000,0.010000000000
1421237660,152.870000000000,0.010000000000
1421237675,182.520000000000,0.010000000000
1421237692,175.640000000000,0.010000000000
1421237702,134.660000000000,0.010000000000
1421237715,116.190000000000,0.010000000000
1421237738,132.760000000000,0.010000000000
1421237755,160.800000000000,0.010000000000
1421237769,138.340000000000,0.010000000000
1421237791,177.360000000000,0.010000000000
1421237819,192.640000000000,0.010000000000
1421237855,165.580000000000,0.010000000000
1421237901,158.070000000000,0.010000000000
1421237934,167.420000000000,0.010000000000
1421237965,187.880000000000,0.010000000000
1421237999,179.230000000000,0.010000000000
1421238044,186.090000000000,0.010000000000
1421238057,176.670000000000,0.010000000000
1421238086,123.850000000000,0.010000000000
1421238119,146.090000000000,0.010000000000
1421238141,169.070000000000,0.010000000000
1421238166,146.020000000000,0.010000000000
1421238191,117.690000000000,0.010000000000
1421238233,120.030000000000,0.010000000000
1421238259,182.970000000000,0.010000000000
1421238266,192.190000000000,0.010000000000
1421238309,136.810000000000,0.010000000000
1421238322,120.770000000000,0.010000000000
1421238332,119.310000000000,0.010000000000
1421238376,145.060000000000,0.010000000000
1421238395,133.280000000000,0.010000000000
1421238406,157.060000000000,0.010000000000
1421238429,143.530000000000,0.010000000000
1421238471,162.440000000000,0.010000000000
1421238506,135.860000000000,0.010000000000
1421238521,134.650000000000,0.010000000000
1421238548,127.370000000000,0.010000000000
1421238581,173.020000000000,0.010000000000
1421238615,143.030000000000,0.010000000000
1421238649,118.170000000000,0.010000000000
1421238662,138.910000000000,0.010000000000
1421238673,151.300000000000,0.010000000000
1421238688,169.460000000000,0.010000000000
1421238698,127.450000000000,0.010000000000
1421238712,128.390000000000,0.010000000000
1421238730,140.170000000000,0.010000000000
1421238743,148.020000000000,0.010000000000
1421238760,162.480000000000,0.010000000000
1421238787,110.820000000000,0.010000000000
1421238800,160.910000000000,0.010000000000
1421238845,168.230000000000,0.010000000000
1421238870,117.650000000000,0.010000000000
1421238906,160.480000000000,0.010000000000
1421238947,168.160000000000,0.010000000000
1421238969,154.250000000000,0.010000000000
1421239011,119.430000000000,0.010000000000
1421239030,164.260000000000,0.010000000000
1421239042,195.940000000000,0.010000000000
1421239053,149.500000000000,0.010000000000
1421239075,196.770000000000,0.010000000000
1421239098,137.640000000000,0.010000000000
1421239108,131.020000000000,0.010000000000
1421239125,171.540000000000,0.010000000000
1421239158,171.850000000000,0.010000000000
1421239189,159.160000000000,0.010000000000
1421239218,186.640000000000,0.010000000000
1421239261,141.120000000000,0.010000000000
1421239281,134.460000000000,0.010000000000
1421239306,147.700000000000,0.010000000000
1421239332,184.220000000000,0.010000000000
1421239346,125.120000000000,0.010000000000
1421239362,116.660000000000,0.010000000000
1421239369,190.670000000000,0.010000000000
1421239403,186.960000000000,0.010000000000
1421239411,153.250000000000,0.010000000000
1421239440,197.150000000000,0.010000000000
1421239456,146.980000000000,0.010000000000
1421239490,179.690000000000,0.010000000000
1421239505,162.640000000000,0.010000000000
1421239545,134.700000000000,0.010000000000
1421239560,174.580000000000,0.010000000000
1421239581,111.540000000000,0.010000000000
1421239605,196.260000000000,0.010000000000
1421239650,176.260000000000,0.010000000000
1421239679,127.470000000000,0.010000000000
1421239721,168.450000000000,0.010000000000
1421239748,130.380000000000,0.010000000000
1421239760,162.490000000000,0.010000000000
1421239794,186.600000000000,0.010000000000
1421239830,188.140000000000,0.010000000000
1421239861,112.080000000000,0.010000000000
1421239907,125.370000000000,0.010000000000
1421239927,161.010000000000,0.010000000000
1421239968,168.460000000000,0.010000000000
1421239980,188.960000000000,0.010000000000
1421239997,188.220000000000,0.010000000000
1421240035,176.360000000000,0.010000000000
1421240062,125.740000000000,0.010000000000
1421240076,118.120000000000,0.010000000000
1421240084,142.820000000000,0.010000000000
1421240119,189.380000000000,0.010000000000
1421240164,128.980000000000,0.010000000000
1421240185,112.230000000000,0.010000000000
1421240210,184.090000000000,0.010000000000
1421240221,183.090000000000,0.010000000000
1421240254,174.110000000000,0.010000000000
1421240295,123.350000000000,0.010000000000
1421240322,171.320000000000,0.010000000000
1421240356,175.830000000000,0.010000000000
1421240377,136.620000000000,0.010000000000
1421240399,147.560000000000,0.010000000000
1421240441,161.570000000000,0.010000000000
1421240455,154.600000000000,0.010000000000
1421240475,119.570000000000,0.010000000000
1421240509,155.790000000000,0.010000000000
1421240516,121.910000000000,0.010000000000
1421240533,191.160000000000,0.010000000000
1421240546,167.290000000000,0.010000000000
1421240562,170.550000000000,0.010000000000
1421240571,147.510000000000,0.010000000000
1421240597,185.290000000000,0.010000000000
1421240641,183.880000000000,0.010000000000
1421240660,167.330000000000,0.010000000000
1421240685,126.720000000000,0.010000000000
1421240711,152.020000000000,0.010000000000
1421240726,193.640000000000,0.010000000000
1421240754,122.520000000000,0.010000000000
1421240763,176.410000000000,0.010000000000
1421240792,135.780000000000,0.010000000000
1421240833,134.930000000000,0.010000000000
1421240842,118.510000000000,0.010000000000
1421240855,166.060000000000,0.010000000000
1421240878,132.100000000000,0.010000000000
1421240896,150.810000000000,0.010000000000
1421240913,188.210000000000,0.010000000000
1421240928,136.440000000000,0.010000000000
1421240946,134.540000000000,0.010000000000
1421240982,166.220000000000,0.010000000000
1421241012,174.230000000000,0.010000000000
1421241051,158.810000000000,0.010000000000
1421241075,134.420000000000,0.010000000000
1421241110,191.880000000000,0.010000000000
1421241118,191.430000000000,0.010000000000
1421241163,134.120000000000,0.010000000000
1421241187,160.050000000000,0.010000000000
1421241205,117.740000000000,0.010000000000
1421241216,184.610000000000,0.010000000000
1421241227,160.780000000000,0.010000000000
1421241254,128.080000000000,0.010000000000
1421241288,178.380000000000,0.010000000000
1421241302,113.500000000000,0.010000000000
1421241329,146.450000000000,0.010000000000
1421241358,150.320000000000,0.010000000000
1421241368,149.090000000000,0.010000000000
1421241396,139.980000000000,0.010000000000
1421241423,161.270000000000,0.010000000000
1421241457,177.180000000000,0.010000000000
1421241496,128.450000000000,0.010000000000
1421241504,186.120000000000,0.010000000000
1421241526,153.320000000000,0.010000000000
1421241570,145.260000000000,0.010000000000
1421241583,165.870000000000,0.010000000000
1421241599,155.610000000000,0.010000000000
1421241626,162.360000000000,0.010000000000
1421241664,117.880000000000,0.010000000000
1421241678,127.020000000000,0.010000000000
1421241703,190.790000000000,0.010000000000
1421241716,183.410000000000,0.010000000000
1421241761,127.550000000000,0.010000000000
1421241798,149.180000000000,0.010000000000
1421241843,117.030000000000,0.010000000000
1421241855,131.610000000000,0.010000000000
1421241870,116.470000000000,0.010000000000
1421241907,181.750000000000,0.010000000000
1421241918,165.140000000000,0.010000000000
1421241945,132.010000000000,0.010000000000
1421241960,122.470000000000,0.010000000000
1421241983,186.390000000000,0.010000000000
1421242009,132.240000000000,0.010000000000
1421242025,181.770000000000,0.010000000000
1421242062,146.700000000000,0.010000000000
1421242106,193.780000000000,0.010000000000
1421242136,143.050000000000,0.010000000000
1421242180,143.420000000000,0.010000000000
1421242198,195.540000000000,0.010000000000
1421242239,163.730000000000,0.010000000000
1421242269,190.850000000000,0.010000000000
1421242292,171.250000000000,0.010000000000
1421242336,184.980000000000,0.010000000000
1421242362,137.050000000000,0.010000000000
1421242388,117.220000000000,0.010000000000
1421242420,173.500000000000,0.010000000000
1421242436,187.120000000000,0.010000000000
1421242448,140.040000000000,0.010000000000
1421242469,193.540000000000,0.010000000000
1421242487,126.100000000000,0.010000000000
1421242495,116.540000000000,0.010000000000
1421242523,135.450000000000,0.010000000000
1421242542,181.050000000000,0.010000000000
1421242581,159.810000000000,0.010000000000
1421242597,163.170000000000,0.010000000000
1421242619,153.020000000000,0.010000000000
1421242660,169.570000000000,0.010000000000
1421242667,123.460000000000,0.010000000000
1421242691,163.860000000000,0.010000000000
1421242710,177.550000000000,0.010000000000
1421242730,126.650000000000,0.010000000000
1421242750,139.490000000000,0.010000000000
1421242765,126.700000000000,0.010000000000
1421242797,116.900000000000,0.010000000000
1421242837,187.490000000000,0.010000000000
1421242857,151.460000000000,0.010000000000
1421242871,192.180000000000,0.010000000000
1421242913,151.310000000000,0.010000000000
1421242952,176.660000000000,0.010000000000
1421242989,157.410000000000,0.010000000000
1421243000,144.360000000000,0.010000000000
1421243042,116.000000000000,0.010000000000
1421243053,162.140000000000,0.010000000000
1421243082,173.230000000000,0.010000000000
1421243126,157.710000000000,0.010000000000
1421243146,179.250000000000,0.010000000000
1421243189,179.800000000000,0.010000000000
1421243216,132.070000000000,0.010000000000
1421243255,170.690000000000,0.010000000000
1421243265,181.540000000000,0.010000000000
1421243308,196.210000000000,0.010000000000
1421243341,192.430000000000,0.010000000000
1421243363,137.660000000000,0.010000000000
1421243376,126.360000000000,0.010000000000
1421243411,192.610000000000,0.010000000000
1421243454,167.270000000000,0.010000000000
1421243490,183.530000000000,0.010000000000
1421243529,151.910000000000,0.010000000000
1421243541,113.670000000000,0.010000000000
1421243571,136.380000000000,0.010000000000
1421243597,174.940000000000,0.010000000000
1421243624,195.390000000000,0.010000000000
1421243668,148.460000000000,0.010000000000
1421243710,158.680000000000,0.010000000000
1421243730,193.220000000000,0.010000000000
1421243742,174.610000000000,0.010000000000
1421243787,166.970000000000,0.010000000000
1421243817,124.010000000000,0.010000000000
1421243848,186.100000000000,0.010000000000
1421243882,165.920000000000,0.010000000000
1421243914,119.620000000000,0.010000000000
1421243957,157.470000000000,0.010000000000
1421243989,191.730000000000,0.010000000000
1421244016,133.650000000000,0.010000000000
1421244059,182.970000000000,0.010000000000
1421244087,128.430000000000,0.010000000000
1421244102,143.340000000000,0.010000000000
1421244146,172.370000000000,0.010000000000
1421244163,179.980000000000,0.010000000000
1421244176,171.120000000000,0.010000000000
1421244205,115.070000000000,0.010000000000
1421244246,164.340000000000,0.010000000000
1421244252,189.640000000000,0.010000000000
1421244261,146.040000000000,0.010000000000
1421244277,179.010000000000,0.010000000000
1421244314,162.530000000000,0.010000000000
1421244328,147.180000000000,0.010000000000
1421244373,145.910000000000,0.010000000000
1421244386,140.520000000000,0.010000000000
1421244403,137.330000000000,0.010000000000
1421244412,171.480000000000,0.010000000000
1421244438,135.350000000000,0.010000000000
1421244463,140.640000000000,0.010000000000
1421244486,164.570000000000,0.010000000000
1421244512,126.150000000000,0.010000000000
1421244531,190.750000000000,0.010000000000
1421244552,174.020000000000,0.010000000000
1421244561,177.160000000000,0.010000000000
1421244601,193.440000000000,0.010000000000
1421244633,126.410000000000,0.010000000000
1421244642,143.780000000000,0.010000000000
1421244649,190.120000000000,0.010000000000
1421244694,126.500000000000,0.010000000000
1421244736,124.900000000000,0.010000000000
1421244761,172.030000000000,0.010000000000
1421244779,111.470000000000,0.010000000000
1421244790,147.270000000000,0.010000000000
1421244824,110.480000000000,0.010000000000
1421244870,142.620000000000,0.010000000000
1421244912,147.510000000000,0.010000000000
1421244930,129.710000000000,0.010000000000
1421244945,146.390000000000,0.010000000000
1421244967,109.870000000000,0.010000000000
1421244979,170.320000000000,0.010000000000
1421245006,196.880000000000,0.010000000000
1421245048,150.210000000000,0.010000000000
1421245068,155.390000000000,0.010000000000
1421245074,159.140000000000,0.010000000000
1421245096,184.640000000000,0.010000000000
1421245126,152.900000000000,0.010000000000
1421245161,115.710000000000,0.010000000000
1421245189,171.770000000000,0.010000000000
1421245199,149.940000000000,0.010000000000
1421245215,190.900000000000,0.010000000000
1421245254,181.660000000000,0.010000000000
1421245300,155.090000000000,0.010000000000
1421245318,191.910000000000,0.010000000000
1421245350,138.670000000000,0.010000000000
1421245376,157.720000000000,0.010000000000
1421245404,129.020000000000,0.010000000000
1421245449,138.440000000000,0.010000000000
1421245468,164.630000000000,0.010000000000
1421245508,172.220000000000,0.010000000000
1421245515,122.320000000000,0.010000000000
1421245557,129.520000000000,0.010000000000
1421245603,155.690000000000,0.010000000000
1421245625,133.800000000000,0.010000000000
1421245636,129.470000000000,0.010000000000
1421245675,130.270000000000,0.010000000000
1421245717,132.110000000000,0.010000000000
1421245761,138.030000000000,0.010000000000
1421245781,187.150000000000,0.010000000000
1421245827,195.750000000000,0.010000000000
1421245871,160.160000000000,0.010000000000
1421245905,132.160000000000,0.010000000000
1421245935,177.360000000000,0.010000000000
1421245951,121.180000000000,0.010000000000
1421245960,133.080000000000,0.010000000000
1421245973,151.380000000000,0.010000000000
1421245990,122.400000000000,0.010000000000
1421246029,176.020000000000,0.010000000000
1421246042,136.350000000000,0.010000000000
1421246050,132.300000000000,0.010000000000
1421246080,153.800000000000,0.010000000000
1421246097,114.840000000000,0.010000000000
1421246134,136.720000000000,0.010000000000
1421246172,152.820000000000,0.010000000000
1421246208,190.020000000000,0.010000000000
1421246241,178.060000000000,0.010000000000
1421246251,168.770000000000,0.010000000000
1421246274,180.360000000000,0.010000000000
1421246309,166.700000000000,0.010000000000
1421246331,197.070000000000,0.010000000000
1421246344,176.560000000000,0.010000000000
1421246384,121.550000000000,0.010000000000
1421246421,181.120000000000,0.010000000000
1421246466,178.520000000000,0.010000000000
1421246506,144.780000000000,0.010000000000
1421246551,124.300000000000,0.010000000000
1421246596,142.660000000000,0.010000000000
1421246623,143.230000000000,0.010000000000
1421246665,124.790000000000,0.010000000000
1421246689,141.130000000000,0.010000000000
1421246722,148.230000000000,0.010000000000
1421246728,191.980000000000,0.010000000000
1421246748,176.590000000000,0.010000000000
1421246785,146.400000000000,0.010000000000
1421246805,164.390000000000,0.010000000000
1421246814,165.830000000000,0.010000000000
1421246830,172.550000000000,0.010000000000
1421246856,160.640000000000,0.010000000000
1421246865,156.540000000000,0.010000000000
1421246910,173.240000000000,0.010000000000
1421246923,163.040000000000,0.010000000000
1421246934,174.760000000000,0.010000000000
1421246968,147.720000000000,0.010000000000
1421246979,190.650000000000,0.010000000000
1421247013,115.450000000000,0.010000000000
1421247051,117.990000000000,0.010000000000
1421247075,153.980000000000,0.010000000000
1421247116,122.300000000000,0.010000000000
1421247159,182.040000000000,0.010000000000
1421247175,139.170000000000,0.010000000000
1421247189,196.790000000000,0.010000000000
1421247231,131.210000000000,0.010000000000
1421247242,180.470000000000,0.010000000000
1421247274,119.900000000000,0.010000000000
1421247284,189.210000000000,0.010000000000
1421247327,141.480000000000,0.010000000000
1421247370,131.270000000000,0.010000000000
1421247381,121.590000000000,0.010000000000
1421247405,110.500000000000,0.010000000000
1421247430,173.050000000000,0.010000000000
1421247468,181.470000000000,0.010000000000
1421247502,131.650000000000,0.010000000000
1421247529,195.930000000000,0.010000000000
1421247537,128.520000000000,0.010000000000
1421247565,175.260000000000,0.010000000000
1421247594,155.580000000000,0.010000000000
1421247618,168.100000000000,0.010000000000
1421247643,130.200000000000,0.010000000000
1421247686,136.800000000000,0.010000000000
1421247706,138.610000000000,0.010000000000
1421247751,114.230000000000,0.010000000000
1421247772,191.670000000000,0.010000000000
1421247806,152.710000000000,0.010000000000
1421247845,162.670000000000,0.010000000000
1421247881,166.060000000000,0.010000000000
1421247924,175.060000000000,0.010000000000
1421247937,136.720000000000,0.010000000000
1421247976,148.780000000000,0.010000000000
1421248000,178.590000000000,0.010000000000
1421248017,182.940000000000,0.010000000000
1421248060,188.230000000000,0.010000000000
1421248091,149.150000000000,0.010000000000
1421248124,124.250000000000,0.010000000000
1421248140,157.180000000000,0.010000000000
1421248169,137.590000000000,0.010000000000
1421248195,186.770000000000,0.010000000000
1421248216,171.930000000000,0.010000000000
1421248242,146.920000000000,0.010000000000
1421248254,110.670000000000,0.010000000000
1421248292,150.970000000000,0.010000000000
1421248316,150.650000000000,0.010000000000
1421248334,146.960000000000,0.010000000000
1421248356,112.900000000000,0.010000000000
1421248382,141.320000000000,0.010000000000
1421248411,167.930000000000,0.010000000000
1421248433,135.200000000000,0.010000000000
1421248468,171.490000000000,0.010000000000
1421248476,148.400000000000,0.010000000000
1421248491,114.400000000000,0.010000000000
1421248515,125.790000000000,0.010000000000
1421248528,138.940000000000,0.010000000000
1421248557,123.500000000000,0.010000000000
1421248592,135.090000000000,0.010000000000
1421248614,151.860000000000,0.010000000000
1421248627,133.480000000000,0.010000000000
1421248633,119.370000000000,0.010000000000
1421248656,125.580000000000,0.010000000000
1421248694,146.320000000000,0.010000000000
1421248715,182.780000000000,0.010000000000
1421248742,154.760000000000,0.010000000000
1421248748,112.850000000000,0.010000000000
1421248764,188.350000000000,0.010000000000
1421248803,137.680000000000,0.010000000000
1421248826,125.780000000000,0.010000000000
1421248859,156.110000000000,0.010000000000
1421248867,144.940000000000,0.010000000000
1421248891,153.300000000000,0.010000000000
1421248923,128.420000000000,0.010000000000
1421248951,141.200000000000,0.010000000000
1421248963,116.790000000000,0.010000000000
1421248999,169.370000000000,0.010000000000
1421249045,150.520000000000,0.010000000000
1421249070,122.760000000000,0.010000000000
1421249087,168.090000000000,0.010000000000
1421249120,154.740000000000,0.010000000000
1421249133,149.320000000000,0.010000000000
1421249160,141.930000000000,0.010000000000
1421249173,118.660000000000,0.010000000000
1421249185,165.440000000000,0.010000000000
1421249216,157.930000000000,0.010000000000
1421249238,122.530000000000,0.010000000000
1421249251,183.080000000000,0.010000000000
1421249288,192.350000000000,0.010000000000
1421249323,154.790000000000,0.010000000000
1421249368,187.500000000000,0.010000000000
1421249406,190.770000000000,0.010000000000
1421249425,127.190000000000,0.010000000000
1421249457,115.820000000000,0.010000000000
1421249480,111.520000000000,0.010000000000
1421249514,118.570000000000,0.010000000000
1421249551,190.690000000000,0.010000000000
1421249558,155.750000000000,0.010000000000
1421249570,148.090000000000,0.010000000000
1421249581,112.370000000000,0.010000000000
1421249593,128.510000000000,0.010000000000
1421249633,159.710000000000,0.010000000000
1421249666,145.130000000000,0.010000000000
1421249677,190.820000000000,0.010000000000
1421249703,147.410000000000,0.010000000000
1421249726,117.300000000000,0.010000000000
1421249741,143.570000000000,0.010000000000
1421249754,123.810000000000,0.010000000000
1421249793,175.480000000000,0.010000000000
1421249813,130.110000000000,0.010000000000
1421249834,166.110000000000,0.010000000000
1421249874,195.680000000000,0.010000000000
1421249894,166.610000000000,0.010000000000
1421249926,110.000000000000,0.010000000000
1421249950,185.270000000000,0.010000000000
1421249967,147.680000000000,0.010000000000
1421249983,125.790000000000,0.010000000000
1421250002,184.590000000000,0.010000000000
1421250036,111.090000000000,0.010000000000
1421250045,141.890000000000,0.010000000000
1421250052,126.180000000000,0.010000000000
1421250070,117.900000000000,0.010000000000
1421250080,182.980000000000,0.010000000000
1421250098,121.690000000000,0.010000000000
1421250141,163.250000000000,0.010000000000
1421250177,150.120000000000,0.010000000000
1421250209,145.130000000000,0.010000000000
1421250225,120.380000000000,0.010000000000
1421250240,135.750000000000,0.010000000000
1421250257,119.250000000000,0.010000000000
1421250274,134.980000000000,0.010000000000
1421250313,185.250000000000,0.010000000000
1421250328,156.750000000000,0.010000000000
1421250350,172.300000000000,0.010000000000
1421250380,139.560000000000,0.010000000000
1421250409,137.900000000000,0.010000000000
1421250424,185.340000000000,0.010000000000
1421250442,182.070000000000,0.010000000000
1421250469,176.170000000000,0.010000000000
1421250492,113.920000000000,0.010000000000
1421250521,151.900000000000,0.010000000000
1421250554,179.620000000000,0.010000000000
1421250579,120.540000000000,0.010000000000
1421250601,188.160000000000,0.010000000000
1421250647,184.780000000000,0.010000000000
1421250657,190.920000000000,0.010000000000
1421250665,191.610000000000,0.010000000000
1421250688,152.340000000000,0.010000000000
1421250709,166.510000000000,0.010000000000
1421250729,177.840000000000,0.010000000000
1421250755,140.440000000000,0.010000000000
1421250772,137.170000000000,0.010000000000
1421250810,185.400000000000,0.010000000000
1421250850,163.520000000000,0.010000000000
1421250887,123.810000000000,0.010000000000
1421250916,141.520000000000,0.010000000000
1421250951,171.830000000000,0.010000000000
1421250970,163.870000000000,0.010000000000
1421251014,149.500000000000,0.010000000000
1421251060,190.660000000000,0.010000000000
1421251073,169.640000000000,0.010000000000
1421251081,129.560000000000,0.010000000000
1421251123,144.080000000000,0.010000000000
1421251155,196.600000000000,0.010000000000
1421251175,172.950000000000,0.010000000000
1421251209,193.430000000000,0.010000000000
1421251252,116.050000000000,0.010000000000
1421251285,155.380000000000,0.010000000000
1421251325,136.710000000000,0.010000000000
1421251362,141.630000000000,0.010000000000
1421251407,157.630000000000,0.010000000000
1421251443,142.780000000000,0.010000000000
1421251457,126.740000000000,0.010000000000
1421251487,196.320000000000,0.010000000000
1421251531,155.790000000000,0.010000000000
1421251542,140.610000000000,0.010000000000
1421251588,192.950000000000,0.010000000000
1421251596,111.570000000000,0.010000000000
1421251625,173.930000000000,0.010000000000
1421251670,187.370000000000,0.010000000000
1421251687,186.390000000000,0.010000000000
1421251704,190.570000000000,0.010000000000
1421251747,157.680000000000,0.010000000000
1421251772,159.030000000000,0.010000000000
1421251779,181.310000000000,0.010000000000
1421251804,160.650000000000,0.010000000000
1421251834,155.530000000000,0.010000000000
1421251855,141.950000000000,0.010000000000
1421251900,173.200000000000,0.010000000000
1421251935,139.020000000000,0.010000000000
1421251972,186.410000000000,0.010000000000
1421252001,137.540000000000,0.010000000000
1421252015,197.090000000000,0.010000000000
1421252030,167.500000000000,0.010000000000
1421252068,179.270000000000,0.010000000000
1421252105,117.660000000000,0.010000000000
1421252149,151.240000000000,0.010000000000
1421252176,152.390000000000,0.010000000000
1421252202,156.960000000000,0.010000000000
1421252223,130.420000000000,0.010000000000
1421252244,192.010000000000,0.010000000000
1421252258,139.190000000000,0.010000000000
1421252303,142.680000000000,0.010000000000
1421252333,190.540000000000,0.010000000000
1421252363,178.060000000000,0.010000000000
1421252387,181.910000000000,0.010000000000
1421252424,166.070000000000,0.010000000000
1421252454,133.600000000000,0.010000000000
1421252479,120.220000000000,0.010000000000
1421252486,132.720000000000,0.010000000000
1421252528,148.420000000000,0.010000000000
1421252568,188.980000000000,0.010000000000
1421252592,196.020000000000,0.010000000000
1421252608,159.450000000000,0.010000000000
1421252619,157.550000000000,0.010000000000
1421252646,189.650000000000,0.010000000000
1421252681,169.530000000000,0.010000000000
1421252714,113.870000000000,0.010000000000
1421252740,191.010000000000,0.010000000000
1421252762,180.830000000000,0.010000000000
1421252771,137.420000000000,0.010000000000
1421252789,139.660000000000,0.010000000000
1421252797,149.240000000000,0.010000000000
1421252834,182.400000000000,0.010000000000
1421252846,189.690000000000,0.010000000000
1421252879,160.700000000000,0.010000000000
1421252891,110.200000000000,0.010000000000
1421252929,112.530000000000,0.010000000000
1421252949,130.430000000000,0.010000000000
1421252980,145.240000000000,0.010000000000
1421253023,134.410000000000,0.010000000000
1421253050,132.590000000000,0.010000000000
1421253063,153.740000000000,0.010000000000
1421253076,115.800000000000,0.010000000000
1421253116,176.570000000000,0.010000000000
1421253157,143.220000000000,0.010000000000
1421253194,117.090000000000,0.010000000000
1421253218,176.220000000000,0.010000000000
1421253245,197.970000000000,0.010000000000
1421253288,137.390000000000,0.010000000000
1421253294,120.980000000000,0.010000000000
1421253319,121.410000000000,0.010000000000
1421253331,187.660000000000,0.010000000000
1421253349,193.920000000000,0.010000000000
1421253377,163.560000000000,0.010000000000
1421253411,135.470000000000,0.010000000000
1421253454,174.290000000000,0.010000000000
1421253489,197.150000000000,0.010000000000
1421253534,169.050000000000,0.010000000000
1421253570,154.290000000000,0.010000000000
1421253604,162.730000000000,0.010000000000
1421253625,169.480000000000,0.010000000000
1421253643,189.340000000000,0.010000000000
1421253674,111.120000000000,0.010000000000
1421253689,148.210000000000,0.010000000000
1421253696,177.760000000000,0.010000000000
1421253732,180.000000000000,0.010000000000
1421253758,195.260000000000,0.010000000000
1421253786,187.410000000000,0.010000000000
1421253827,185.320000000000,0.010000000000
1421253871,184.410000000000,0.010000000000
1421253892,183.550000000000,0.010000000000
1421253937,192.860000000000,0.010000000000
1421253955,188.510000000000,0.010000000000
1421253987,195.010000000000,0.010000000000
1421254029,193.570000000000,0.010000000000
1421254060,189.180000000000,0.010000000000
1421254102,187.990000000000,0.010000000000
1421254126,185.530000000000,0.010000000000
1421254171,192.090000000000,0.010000000000
1421254193,184.750000000000,0.010000000000
1421254215,185.240000000000,0.010000000000
1421254258,185.610000000000,0.010000000000
1421254266,187.570000000000,0.010000000000
1421254276,190.040000000000,0.010000000000
1421254291,196.580000000000,0.010000000000
1421254329,188.080000000000,0.010000000000
1421254373,186.510000000000,0.010000000000
1421254407,188.040000000000,0.010000000000
1421254438,187.820000000000,0.010000000000
1421254462,195.530000000000,0.010000000000
1421254490,184.820000000000,0.010000000000
1421254516,185.910000000000,0.010000000000
1421261459,186.000000000000,0.015362200000
1421262336,186.000000000000,0.050000000000
1421262349,188.000000000000,0.010000000000
1421262378,188.000000000000,0.050000000000
1421264322,188.000000000000,0.020000000000
1421264369,188.000000000000,0.020000000000
1421264369,186.000000000000,0.034637800000
1421264369,180.000000000000,0.010000000000
1421264369,170.000000000000,0.010000000000
1421264443,170.000000000000,0.010000000000
1421264443,160.000000000000,0.010000000000
1421264443,150.000000000000,0.010000000000
1421264443,140.000000000000,0.010000000000
1421264443,130.000000000000,0.010000000000
1421264443,120.000000000000,0.010000000000
1421285708,191.990000000000,0.130000020000
1421285708,192.000000000000,0.869999980000
1421285720,192.000000000000,0.130000020000
1421294975,150.000000000000,0.018900000000
1421295042,150.000000000000,0.016400000000
1421295155,150.000000000000,0.010700000000
1421295390,150.000000000000,0.012800000000
1421295391,150.000000000000,0.013400000000
1421352858,199.000000000000,0.140000000000
1421352861,200.000000000000,0.010000000000
1421352861,201.000000000000,0.010000000000
1421352861,224.000000000000,0.005120740000
1421360622,210.560000000000,0.010000000000
1421360659,207.810000000000,0.010000000000
1421360692,208.980000000000,0.010000000000
1421360724,205.900000000000,0.010000000000
1421360757,210.150000000000,0.010000000000
1421360792,207.130000000000,0.010000000000
1421360835,207.270000000000,0.010000000000
1421360852,211.790000000000,0.010000000000
1421360860,211.010000000000,0.010000000000
1421360880,204.730000000000,0.010000000000
1421360889,206.370000000000,0.010000000000
1421360930,206.080000000000,0.010000000000
1421361062,206.040000000000,0.010000000000
1421361088,206.470000000000,0.010000000000
1421361127,211.340000000000,0.010000000000
1421361170,208.950000000000,0.010000000000
1421361189,205.140000000000,0.010000000000
1421361203,204.160000000000,0.010000000000
1421361214,211.590000000000,0.010000000000
1421361221,211.040000000000,0.010000000000
1421361239,208.950000000000,0.010000000000
1421361270,207.850000000000,0.010000000000
1421361293,208.860000000000,0.010000000000
1421361318,206.910000000000,0.010000000000
1421361362,204.820000000000,0.010000000000
1421361382,203.920000000000,0.010000000000
1421361397,208.220000000000,0.010000000000
1421361414,209.400000000000,0.010000000000
1421361427,208.330000000000,0.010000000000
1421361433,205.620000000000,0.010000000000
1421361479,206.060000000000,0.010000000000
1421361506,204.320000000000,0.010000000000
1421361542,204.040000000000,0.010000000000
1421361578,205.230000000000,0.010000000000
1421361622,204.840000000000,0.010000000000
1421361653,203.600000000000,0.010000000000
1421361683,204.700000000000,0.010000000000
1421361706,204.220000000000,0.010000000000
1421361749,205.490000000000,0.010000000000
1421361769,204.730000000000,0.010000000000
1421361797,205.430000000000,0.010000000000
1421361828,206.270000000000,0.010000000000
1421361860,205.630000000000,0.010000000000
1421361880,205.770000000000,0.010000000000
1421361891,204.940000000000,0.010000000000
1421361900,205.470000000000,0.010000000000
1421361908,205.240000000000,0.010000000000
1421361916,206.990000000000,0.010000000000
1421361936,205.820000000000,0.010000000000
1421361963,203.530000000000,0.010000000000
1421361970,204.970000000000,0.010000000000
1421362010,204.860000000000,0.010000000000
1421362048,204.800000000000,0.010000000000
1421362074,203.430000000000,0.010000000000
1421362112,206.500000000000,0.010000000000
1421362155,206.220000000000,0.010000000000
1421362165,205.460000000000,0.010000000000
1421362190,206.470000000000,0.010000000000
1421362216,204.850000000000,0.010000000000
1421362227,205.370000000000,0.010000000000
1421362246,205.840000000000,0.010000000000
1421362256,206.650000000000,0.010000000000
1421362285,206.850000000000,0.010000000000
1421362309,205.180000000000,0.010000000000
1421362325,206.210000000000,0.010000000000
1421362367,205.360000000000,0.010000000000
1421362394,204.810000000000,0.010000000000
1421362427,206.350000000000,0.010000000000
1421362467,206.200000000000,0.010000000000
1421362509,205.150000000000,0.010000000000
1421362516,206.210000000000,0.010000000000
1421362537,206.850000000000,0.010000000000
1421362576,203.680000000000,0.010000000000
1421362586,206.530000000000,0.010000000000
1421362628,209.740000000000,0.010000000000
1421362651,204.490000000000,0.010000000000
1421362672,209.560000000000,0.010000000000
1421362707,208.360000000000,0.010000000000
1421362739,209.820000000000,0.010000000000
1421362757,208.160000000000,0.010000000000
1421362792,204.820000000000,0.010000000000
1421362822,206.240000000000,0.010000000000
1421362843,209.260000000000,0.010000000000
1421362870,207.840000000000,0.010000000000
1421362890,209.340000000000,0.010000000000
1421362910,209.840000000000,0.010000000000
1421362919,209.320000000000,0.010000000000
1421362926,211.190000000000,0.010000000000
1421362951,210.870000000000,0.010000000000
1421362967,206.590000000000,0.010000000000
1421363001,205.890000000000,0.010000000000
1421363019,207.100000000000,0.010000000000
1421363036,210.280000000000,0.010000000000
1421363055,206.140000000000,0.010000000000
1421363082,207.720000000000,0.010000000000
1421363090,209.420000000000,0.010000000000
1421363128,208.120000000000,0.010000000000
1421363136,211.100000000000,0.010000000000
1421363148,206.840000000000,0.010000000000
1421363163,208.070000000000,0.010000000000
1421363195,206.220000000000,0.010000000000
1421363233,205.130000000000,0.010000000000
1421363264,205.880000000000,0.010000000000
1421363308,204.880000000000,0.010000000000
1421363340,206.810000000000,0.010000000000
1421363361,205.290000000000,0.010000000000
1421363384,207.020000000000,0.010000000000
1421363399,207.550000000000,0.010000000000
1421363407,210.950000000000,0.010000000000
1421363419,206.580000000000,0.010000000000
1421363442,207.640000000000,0.010000000000
1421363481,207.210000000000,0.010000000000
1421363494,204.230000000000,0.010000000000
1421363505,205.450000000000,0.010000000000
1421363529,210.070000000000,0.010000000000
1421363551,206.000000000000,0.010000000000
1421363586,205.270000000000,0.010000000000
1421363615,203.970000000000,0.010000000000
1421363638,203.990000000000,0.010000000000
1421363678,209.430000000000,0.010000000000
1421363697,208.860000000000,0.010000000000
1421363717,208.240000000000,0.010000000000
1421363734,206.030000000000,0.010000000000
1421363777,205.670000000000,0.010000000000
1421363795,204.400000000000,0.010000000000
1421363832,208.230000000000,0.010000000000
1421363850,209.700000000000,0.010000000000
1421363873,207.670000000000,0.010000000000
1421363898,211.650000000000,0.010000000000
1421363930,207.690000000000,0.010000000000
1421363971,208.820000000000,0.010000000000
1421363995,208.280000000000,0.010000000000
1421364008,211.830000000000,0.010000000000
1421364022,209.280000000000,0.010000000000
1421364038,206.610000000000,0.010000000000
1421364072,204.010000000000,0.010000000000
